@inproceedings{liu2017learning,
  title={Learning efficient convolutional networks through network slimming},
  author={Liu, Zhuang and Li, Jianguo and Shen, Zhiqiang and Huang, Gao and Yan, Shoumeng and Zhang, Changshui},
  booktitle={ICCV},
  year={2017},
}

@inproceedings{he2018sfp,
  title={Soft Filter Pruning for Accelerating Deep Convolutional Neural Networks},
  author={He, Yang and Kang, Guoliang and Dong, Xuanyi and Fu, Yanwei and Yang, Yi},
  booktitle={IJCAI},
  year={2018},
}

@inproceedings{li2016pruning,
  title={Pruning filters for efficient convnets},
  author={Li, Hao and Kadav, Asim and Durdanovic, Igor and Samet, Hanan and Graf, Hans Peter},
  booktitle={ICLR},
  year={2017}
}

@inproceedings{he2017channel,
  title={Channel pruning for accelerating very deep neural networks},
  author={He, Yihui and Zhang, Xiangyu and Sun, Jian},
  booktitle={ICCV},
  year={2017},
}


@inproceedings{nisp,
  title={Nisp: Pruning networks using neuron importance score propagation},
  author={Yu, Ruichi and Li, Ang and Chen, Chun-Fu and Lai, Jui-Hsin and Morariu, Vlad I and Han, Xintong and Gao, Mingfei and Lin, Ching-Yung and Davis, Larry S},
  booktitle={CVPR},
  year={2018},
}

@inproceedings{luo2017thinet,
  title={Thinet: A filter level pruning method for deep neural network compression},
  author={Luo, Jian-Hao and Wu, Jianxin and Lin, Weiyao},
  booktitle={ICCV},
  year={2017}
}

@article{pfa,
  title={Principal Filter Analysis for Guided Network Compression},
  author={Suau, Xavier and Zappella, Luca and Palakkode, Vinay and Apostoloff, Nicholas},
  journal={arXiv preprint arXiv:1807.10585},
  year={2018}
}

@inproceedings{lin2017runtime,
  title={Runtime neural pruning},
  author={Lin, Ji and Rao, Yongming and Lu, Jiwen and Zhou, Jie},
  booktitle={NIPS},
  year={2017}
}

@article{nvidia,
  title={Pruning convolutional neural networks for resource efficient inference},
  author={Molchanov, Pavlo and Tyree, Stephen and Karras, Tero and Aila, Timo and Kautz, Jan},
  journal={arXiv preprint arXiv:1611.06440},
  year={2016}
}

@article{trimming,
  title={Network trimming: A data-driven neuron pruning approach towards efficient deep architectures},
  author={Hu, Hengyuan and Peng, Rui and Tai, Yu-Wing and Tang, Chi-Keung},
  journal={arXiv preprint arXiv:1607.03250},
  year={2016}
}

@article{structured,
  title={Structured pruning of deep convolutional neural networks},
  author={Anwar, Sajid and Hwang, Kyuyeon and Sung, Wonyong},
  journal={ACM Journal on Emerging Technologies in Computing Systems (JETC)},
  year={2017},
  publisher={ACM}
}

@article{anwar2016compact,
  title={Compact deep convolutional neural networks with coarse pruning},
  author={Anwar, Sajid and Sung, Wonyong},
  journal={arXiv preprint arXiv:1610.09639},
  year={2016}
}

@article{ye2018rethinking,
  title={Rethinking the Smaller-Norm-Less-Informative Assumption in Channel Pruning of Convolution Layers},
  author={Ye, Jianbo and Lu, Xin and Lin, Zhe and Wang, James Z},
  journal={ICLR},
  year={2018}
}
@article{huang2018data,
  author =   {Zehao Huang and Naiyan Wang},
  title =    {Data-Driven Sparse Structure Selection for Deep Neural Networks},
  journal =  {ECCV},
  year =     {2018}
}

@inproceedings{wen2016learning,
  title={Learning structured sparsity in deep neural networks},
  author={Wen, Wei and Wu, Chunpeng and Wang, Yandan and Chen, Yiran and Li, Hai},
  booktitle={NIPS},
  year={2016}
}

@inproceedings{gs1,
  title={Learning the number of neurons in deep networks},
  author={Alvarez, Jose M and Salzmann, Mathieu},
  booktitle={NIPS},
  year={2016}
}

@inproceedings{gs2,
  title={Fast convnets using group-wise brain damage},
  author={Lebedev, Vadim and Lempitsky, Victor},
  booktitle={CVPR},
  year={2016}
}

@inproceedings{gs3,
  title={Less is more: Towards compact cnns},
  author={Zhou, Hao and Alvarez, Jose M and Porikli, Fatih},
  booktitle={ECCV},
  year={2016},
}

@inproceedings{han2015learning,
  title={Learning both weights and connections for efficient neural network},
  author={Han, Song and Pool, Jeff and Tran, John and Dally, William},
  booktitle={NIPS},
  year={2015}
}

@article{han2015deep,
  title={Deep compression: Compressing deep neural networks with pruning, trained quantization and huffman coding},
  author={Han, Song and Mao, Huizi and Dally, William J},
  journal={ICLR},
  year={2016}
}


@inproceedings{alexnet,
  title={Imagenet classification with deep convolutional neural networks},
  author={Krizhevsky, Alex and Sutskever, Ilya and Hinton, Geoffrey E},
  booktitle={NIPS},
  year={2012}
}

@inproceedings{resnet,
  title={Deep residual learning for image recognition},
  author={He, Kaiming and Zhang, Xiangyu and Ren, Shaoqing and Sun, Jian},
  booktitle={CVPR},
  year={2016}
}
@article{fitnet,
  title={Fitnets: Hints for thin deep nets},
  author={Romero, Adriana and Ballas, Nicolas and Kahou, Samira Ebrahimi and Chassang, Antoine and Gatta, Carlo and Bengio, Yoshua},
  journal={ICLR},
  year={2015}
}

@article{kd,
  title={Distilling the knowledge in a neural network},
  author={Hinton, Geoffrey and Vinyals, Oriol and Dean, Jeff},
  journal={NIPS Workshop},
  year={2014}
}

@article{binarynet,
  title={Binarized neural networks: Training deep neural networks with weights and activations constrained to+ 1 or-1},
  author={Courbariaux, Matthieu and Hubara, Itay and Soudry, Daniel and El-Yaniv, Ran and Bengio, Yoshua},
  journal={arXiv preprint arXiv:1602.02830},
  year={2016}
}

@inproceedings{xnornet,
  title={Xnor-net: Imagenet classification using binary convolutional neural networks},
  author={Rastegari, Mohammad and Ordonez, Vicente and Redmon, Joseph and Farhadi, Ali},
  booktitle={ECCV},
  year={2016}
}


@article{sfpcode,
    Author = {He, Yang and Kang, Guoliang and Dong, Xuanyi and Fu, Yanwei and Yang, Yi},
    Title = {Soft Filter Pruning for Accelerating Deep Convolutional Neural Networks},
    Journal = {https://github.com/he-y/soft-filter-pruning},
    Year = {2018}
}

@article{toprune,
  title={To prune, or not to prune: exploring the efficacy of pruning for model compression},
  author={Zhu, Michael and Gupta, Suyog},
  journal={ICLR Workshop},
  year={2018}
}

@inproceedings{eie,
  title={EIE: efficient inference engine on compressed deep neural network},
  author={Han, Song and Liu, Xingyu and Mao, Huizi and Pu, Jing and Pedram, Ardavan and Horowitz, Mark A and Dally, William J},
  booktitle={Computer Architecture (ISCA), 2016 ACM/IEEE 43rd Annual International Symposium on},
  year={2016},
}

@inproceedings{wu2016quantized,
  title={Quantized convolutional neural networks for mobile devices},
  author={Wu, Jiaxiang and Leng, Cong and Wang, Yuhang and Hu, Qinghao and Cheng, Jian},
  booktitle={CVPR},
  year={2016}
}

@inproceedings{lowrank1,
  title={Exploiting linear structure within convolutional networks for efficient evaluation},
  author={Denton, Emily L and Zaremba, Wojciech and Bruna, Joan and LeCun, Yann and Fergus, Rob},
  booktitle={NIPS},
  year={2014}
}

@article{lowrank2,
  title={Speeding-up convolutional neural networks using fine-tuned cp-decomposition},
  author={Lebedev, Vadim and Ganin, Yaroslav and Rakhuba, Maksim and Oseledets, Ivan and Lempitsky, Victor},
  journal={ICLR},
  year={2014}
}

@inproceedings{deep,
  title={Do deep nets really need to be deep?},
  author={Ba, Jimmy and Caruana, Rich},
  booktitle={NIPS},
  year={2014}
}

@article{vgg,
  title={Very deep convolutional networks for large-scale image recognition},
  author={Simonyan, Karen and Zisserman, Andrew},
  journal={ICLR},
  year={2015}
}


@inproceedings{maskrcnn,
  title={Mask r-cnn},
  author={He, Kaiming and Gkioxari, Georgia and Doll{\'a}r, Piotr and Girshick, Ross},
  booktitle={ICCVs},
  year={2017},
}

@inproceedings{rcnn,
  title={Rich feature hierarchies for accurate object detection and semantic segmentation},
  author={Girshick, Ross and Donahue, Jeff and Darrell, Trevor and Malik, Jitendra},
  booktitle={CVPR},
  year={2014}
}

@inproceedings{fcn,
  title={Fully convolutional networks for semantic segmentation},
  author={Long, Jonathan and Shelhamer, Evan and Darrell, Trevor},
  booktitle={CVPR},
  year={2015}
}

%----------------
@article{coarse,
  title={Coarse Pruning of Convolutional Neural Networks with Random Masks},
  author={Anwar, Sajid and Sung, Wonyong},
  year={2016}
}

@article{recovering,
  title={Recovering from random pruning: On the plasticity of deep convolutional neural networks},
  author={Mittal, Deepak and Bhardwaj, Shweta and Khapra, Mitesh M and Ravindran, Balaraman},
  journal={arXiv preprint arXiv:1801.10447},
  year={2018}
}

@article{power,
  title={The power of sparsity in convolutional neural networks},
  author={Changpinyo, Soravit and Sandler, Mark and Zhmoginov, Andrey},
  journal={arXiv preprint arXiv:1702.06257},
  year={2017}
}

@inproceedings{obd,
  title={Optimal brain damage},
  author={LeCun, Yann and Denker, John S and Solla, Sara A},
  booktitle={NIPS},
  year={1990}
}

@inproceedings{obs,
  title={Second order derivatives for network pruning: Optimal brain surgeon},
  author={Hassibi, Babak and Stork, David G},
  booktitle={NIPS},
  year={1993}
}

@article{datafree,
  title={Data-free parameter pruning for deep neural networks},
  author={Srinivas, Suraj and Babu, R Venkatesh},
  journal={BMVC},
  year={2015}
}

@inproceedings{trim,
  title={Net-trim: Convex pruning of deep neural networks with performance guarantee},
  author={Aghasi, Alireza and Abdi, Afshin and Nguyen, Nam and Romberg, Justin},
  booktitle={NIPS},
  year={2017}
}

@inproceedings{,
  title={An exploration of parameter redundancy in deep networks with circulant projections},
  author={Cheng, Yu and Yu, Felix X and Feris, Rogerio S and Kumar, Sanjiv and Choudhary, Alok and Chang, Shi-Fu},
  booktitle={Proceedings of the IEEE International Conference on Computer Vision},
  pages={2857--2865},
  year={2015}
}

@inproceedings{ren2015faster,
  title={Faster r-cnn: Towards real-time object detection with region proposal networks},
  author={Ren, Shaoqing and He, Kaiming and Girshick, Ross and Sun, Jian},
  booktitle={NIPS},
  year={2015}
}

@article{jjfaster2rcnn,
    Author = {Jianwei Yang and Jiasen Lu and Dhruv Batra and Devi Parikh},
    Title = {A Faster Pytorch Implementation of Faster R-CNN},
    Journal = {https://github.com/jwyang/faster-rcnn.pytorch},
    Year = {2017}
}

@inproceedings{he2015delving,
  title={Delving deep into rectifiers: Surpassing human-level performance on imagenet classification},
  author={He, Kaiming and Zhang, Xiangyu and Ren, Shaoqing and Sun, Jian},
  booktitle={Proceedings of the IEEE international conference on computer vision},
  pages={1026--1034},
  year={2015}
}

@inproceedings{imagenet,
  title={Imagenet: A large-scale hierarchical image database},
  author={Deng, Jia and Dong, Wei and Socher, Richard and Li, Li-Jia and Li, Kai and Fei-Fei, Li},
  booktitle={CVPR},
  year={2009},
}

@techreport{cifar,
  title={Learning multiple layers of features from tiny images},
  author={Krizhevsky, Alex},
  year={2009},
}

@inproceedings{densenet,
  title={Densely Connected Convolutional Networks},
  author={Huang, Gao and Liu, Zhuang and van der Maaten, Laurens and Weinberger, Kilian Q},
  booktitle={CVPR},
  year={2017},
}

@inproceedings{pytorch,
  title={Automatic differentiation in PyTorch},
  author={Paszke, Adam and Gross, Sam and Chintala, Soumith and Chanan, Gregory and Yang, Edward and DeVito, Zachary and Lin, Zeming and Desmaison, Alban and Antiga, Luca and Lerer, Adam},
  booktitle={NIPS Workshop},
  year={2017},
}

@inproceedings{caffe,
  title={Caffe: Convolutional architecture for fast feature embedding},
  author={Jia, Yangqing and Shelhamer, Evan and Donahue, Jeff and Karayev, Sergey and Long, Jonathan and Girshick, Ross and Guadarrama, Sergio and Darrell, Trevor},
  booktitle={ACM Multimedia},
  year={2014},
}

@inproceedings{xie2017aggregated,
  title={Aggregated residual transformations for deep neural networks},
  author={Xie, Saining and Girshick, Ross and Doll{\'a}r, Piotr and Tu, Zhuowen and He, Kaiming},
  booktitle={CVPR},
  year={2017},
}

@article{compact,
  title={Compact deep convolutional neural networks with coarse pruning},
  author={Anwar, Sajid and Sung, Wonyong},
  journal={arXiv preprint arXiv:1610.09639},
  year={2016}
}

@inproceedings{dsod,
  title={DSOD: Learning deeply supervised object detectors from scratch},
  author={Shen, Zhiqiang and Liu, Zhuang and Li, Jianguo and Jiang, Yu-Gang and Chen, Yurong and Xue, Xiangyang},
  booktitle={ICCV},
  year={2017},
}

@article{rl1,
  title={Neural architecture search with reinforcement learning},
  author={Zoph, Barret and Le, Quoc V},
  journal={ICLR},
  year={2017}
}

@article{rl2,
  title={Designing neural network architectures using reinforcement learning},
  author={Baker, Bowen and Gupta, Otkrist and Naik, Nikhil and Raskar, Ramesh},
  journal={ICLR},
  year={2017}
}

@inproceedings{genetic,
  title={Genetic CNN.},
  author={Xie, Lingxi and Yuille, Alan L},
  booktitle={ICCV},
  year={2017},
}

@inproceedings{amc,
  title={Amc: Automl for model compression and acceleration on mobile devices},
  author={He, Yihui and Lin, Ji and Liu, Zhijian and Wang, Hanrui and Li, Li-Jia and Han, Song},
  booktitle={ECCV},
  year={2018},
}

@inproceedings{gordon2018morphnet,
  title={Morphnet: Fast \& simple resource-constrained structure learning of deep networks},
  author={Gordon, Ariel and Eban, Elad and Nachum, Ofir and Chen, Bo and Wu, Hao and Yang, Tien-Ju and Choi, Edward},
  booktitle={CVPR},
  year={2018},
}

@inproceedings{han2016eie,
  title={EIE: efficient inference engine on compressed deep neural network},
  author={Han, Song and Liu, Xingyu and Mao, Huizi and Pu, Jing and Pedram, Ardavan and Horowitz, Mark A and Dally, William J},
  booktitle={Computer Architecture (ISCA), 2016 ACM/IEEE 43rd Annual International Symposium on},
  year={2016},
}

@article{liu2017hierarchical,
  title={Hierarchical representations for efficient architecture search},
  author={Liu, Hanxiao and Simonyan, Karen and Vinyals, Oriol and Fernando, Chrisantha and Kavukcuoglu, Koray},
  journal={ICLR},
  year={2018}
}

@article{sharing,
  title={Efficient Neural Architecture Search via Parameter Sharing},
  author={Pham, Hieu and Guan, Melody Y and Zoph, Barret and Le, Quoc V and Dean, Jeff},
  journal={ICML},
  year={2018}
}

@article{darts,
  title={Darts: Differentiable architecture search},
  author={Liu, Hanxiao and Simonyan, Karen and Yang, Yiming},
  journal={arXiv preprint arXiv:1806.09055},
  year={2018}
}

@article{bn,
  title={Batch normalization: Accelerating deep network training by reducing internal covariate shift},
  author={Ioffe, Sergey and Szegedy, Christian},
  journal={arXiv preprint arXiv:1502.03167},
  year={2015}
}

@inproceedings{carreira2018learning,
  title={``\Uppercase{L}earning-Compression'' Algorithms for Neural Net Pruning},
  author={Carreira-Perpin{\'a}n, Miguel A and Idelbayev, Yerlan},
  booktitle={CVPR},
  year={2018},
}

@article{chin2018layer,
  title={Layer-compensated pruning for resource-constrained convolutional neural networks},
  author={Chin, Ting-Wu and Zhang, Cha and Marculescu, Diana},
  journal={arXiv preprint arXiv:1810.00518},
  year={2018}
}



@article{wang2017skipnet,
  title={Skipnet: Learning dynamic routing in convolutional networks},
  author={Wang, Xin and Yu, Fisher and Dou, Zi-Yi and Gonzalez, Joseph E},
  journal={arXiv preprint arXiv:1711.09485},
  year={2017}
}

@inproceedings{
lottery,
title={The Lottery Ticket Hypothesis: Finding Sparse, Trainable Neural Networks},
author={Jonathan Frankle and Michael Carbin},
booktitle={International Conference on Learning Representations},
year={2019},
url={https://openreview.net/forum?id=rJl-b3RcF7},
}

@inproceedings{vdropout,
  title={Variational dropout sparsifies deep neural networks},
  author={Molchanov, Dmitry and Ashukha, Arsenii and Vetrov, Dmitry},
  booktitle={ICML},
  year={2017},
}

@inproceedings{vdropoutorg,
  title={Variational Dropout and the Local Reparameterization Trick
},
  author={P. Kingma, Diederik and Salimans,  Tim and Welling, Max
},
  booktitle={NIPS},
  year={2015},
}

@article{l0sparse,
  title={Learning Sparse Neural Networks through $ L\_0 $ Regularization},
  author={Louizos, Christos and Welling, Max and Kingma, Diederik P},
  journal={ICLR},
  year={2018}
}

@article{lecun1998gradient,
  title={Gradient-based learning applied to document recognition},
  author={LeCun, Yann and Bottou, L{\'e}on and Bengio, Yoshua and Haffner, Patrick and others},
  journal={Proceedings of the IEEE},
  year={1998},
}

@inproceedings{huang2018condensenet,
  title={Condensenet: An efficient densenet using learned group convolutions},
  author={Huang, Gao and Liu, Shichen and Van der Maaten, Laurens and Weinberger, Kilian Q},
  booktitle={CVPR},
  year={2018}
}


