@inproceedings{huang2017multi,
  title={Multi-scale dense networks for resource efficient image classification},
  author={Huang, Gao and Chen, Danlu and Li, Tianhong and Wu, Felix and van der Maaten, Laurens and Weinberger, Kilian Q},
  booktitle={arXiv preprint arXiv:1703.09844},
  year={2017}
}

@inproceedings{figurnov2017spatially,
  title={Spatially adaptive computation time for residual networks},
  author={Figurnov, Michael and Collins, Maxwell D and Zhu, Yukun and Zhang, Li and Huang, Jonathan and Vetrov, Dmitry and Salakhutdinov, Ruslan},
  booktitle={CVPR},
  year={2017}
}

@inproceedings{teerapittayanon2016branchynet,
  title={Branchynet: Fast inference via early exiting from deep neural networks},
  author={Teerapittayanon, Surat and McDanel, Bradley and Kung, Hsiang-Tsung},
  booktitle={ICPR},
  year={2016},
  organization={IEEE}
}

@inproceedings{xie2020spatially,
  title={Spatially Adaptive Inference with Stochastic Feature Sampling and Interpolation},
  author={Xie, Zhenda and Zhang, Zheng and Zhu, Xizhou and Huang, Gao and Lin, Stephen},
  booktitle={arXiv preprint arXiv:2003.08866},
  year={2020}
}

@inproceedings{frohlich2012time,
  title={As time goes byâ€”anytime semantic segmentation with iterative context forests},
  author={Fr{\"o}hlich, Bj{\"o}rn and Rodner, Erik and Denzler, Joachim},
  booktitle={Joint DAGM (German Association for Pattern Recognition) and OAGM Symposium},
  year={2012},
  organization={Springer}
}

@inproceedings{grubb2012speedboost,
  title={Speedboost: Anytime prediction with uniform near-optimality},
  author={Grubb, Alex and Bagnell, Drew},
  booktitle={Artificial Intelligence and Statistics},
  year={2012}
}

@inproceedings{wang2018skipnet,
  title={Skipnet: Learning dynamic routing in convolutional networks},
  author={Wang, Xin and Yu, Fisher and Dou, Zi-Yi and Darrell, Trevor and Gonzalez, Joseph E},
  booktitle={ECCV},
  year={2018}
}

@inproceedings{jang2016categorical,
  title={Categorical reparameterization with gumbel-softmax},
  author={Jang, Eric and Gu, Shixiang and Poole, Ben},
  booktitle={arXiv preprint arXiv:1611.01144},
  year={2016}
}

@inproceedings{wang2020deep,
  title={Deep high-resolution representation learning for visual recognition},
  author={Wang, Jingdong and Sun, Ke and Cheng, Tianheng and Jiang, Borui and Deng, Chaorui and Zhao, Yang and Liu, Dong and Mu, Yadong and Tan, Mingkui and Wang, Xinggang and others},
  booktitle={TPAMI},
  year={2020},
  publisher={IEEE}
}

@inproceedings{cordts2016cityscapes,
  title={The cityscapes dataset for semantic urban scene understanding},
  author={Cordts, Marius and Omran, Mohamed and Ramos, Sebastian and Rehfeld, Timo and Enzweiler, Markus and Benenson, Rodrigo and Franke, Uwe and Roth, Stefan and Schiele, Bernt},
  booktitle={CVPR},
  year={2016}
}

@inproceedings{andriluka14mpii,
               author = {Mykhaylo Andriluka and Leonid Pishchulin and Peter Gehler and Schiele, Bernt},
               title = {2D Human Pose Estimation: New Benchmark and State of the Art Analysis},
               booktitle = {CVPR},
               year = {2014}
}

@inproceedings{ogden2019characterizing,
  title={Characterizing the deep neural networks inference performance of mobile applications},
  author={Ogden, Samuel S and Guo, Tian},
  booktitle={arXiv preprint arXiv:1909.04783},
  year={2019}
}

@inproceedings{szegedy2016inception,
  title={Inception-v4, inception-resnet and the impact of residual connections on learning},
  author={Szegedy, Christian and Ioffe, Sergey and Vanhoucke, Vincent and Alemi, Alex},
  booktitle={arXiv preprint arXiv:1602.07261},
  year={2016}
}

@inproceedings{liu2019rethinking,
  title={Rethinking the value of network pruning},
  author={Liu, Zhuang and Sun, Mingjie and Zhou, Tinghui and Huang, Gao and Darrell, Trevor},
  booktitle={ICLR},
  year={2019}
}



@inproceedings{hinton2015distilling,
  title={Distilling the knowledge in a neural network},
  author={Hinton, Geoffrey and Vinyals, Oriol and Dean, Jeff},
  booktitle={arXiv preprint arXiv:1503.02531},
  year={2015}
}


@inproceedings{zilberstein1996using,
  title={Using anytime algorithms in intelligent systems},
  author={Zilberstein, Shlomo},
  booktitle={AI magazine},
  year={1996}
}

@inproceedings{dean1988analysis,
  title={An Analysis of Time-Dependent Planning},
  author={Dean, Thomas L and Boddy, Mark S},
  booktitle={AAAI},
  year={1988}
}

@inproceedings{bayesian_anytime1,
  title={Scaling of theory-of-mind tasks},
  author={Wellman, Henry M and Liu, David},
  booktitle={Child development},
  year={2004},
  publisher={Wiley Online Library}
}

@inproceedings{bayesian_anytime2,
  title={Bounded conditioning: Flexible inference for decisions under scarce resources},
  author={Horvitz, Eric J and Suermondt, Jaap and Cooper, Gregory F},
  booktitle={arXiv preprint arXiv:1304.1512},
  year={2013}
}

@inproceedings{database_anytime,
  title={An object-oriented query processor that produces monotonically improving approximate answers},
  author={Vrbsky, Susan V and Liu, Jane W-S},
  booktitle={International Conference on Data Engineering},
  year={1991}
}

@inproceedings{csp_anytime,
  title={Anytime algorithms for constraint satisfaction and SAT problems},
  author={Wallace, Richard J and Freuder, Eugene C},
  booktitle={ACM SIGART Bulletin},
  year={1996},
  publisher={ACM New York, NY, USA}
}


@inproceedings{ACT,
  title={Adaptive computation time for recurrent neural networks},
  author={Graves, Alex},
  booktitle={arXiv preprint arXiv:1603.08983},
  year={2016}
}


@inproceedings{Wu2018BlockDropDI,
  title={BlockDrop: Dynamic Inference Paths in Residual Networks},
  author={Zuxuan Wu and Tushar Nagarajan and Abhishek Kumar and Steven Rennie and L. Davis and K. Grauman and R. Feris},
  booktitle={CVPR},
  year={2018},
}

@inproceedings{pred0_0,
  title={Thanks for Nothing: Predicting Zero-Valued Activations with Lightweight Convolutional Neural Networks},
  author={Shomron, Gil and Banner, Ron and Shkolnik, Moran and Weiser, Uri},
  booktitle={arXiv preprint arXiv:1909.07636},
  year={2019}
}

@inproceedings{pred0_1,
  title={More is less: A more complicated network with less inference complexity},
  author={Dong, Xuanyi and Huang, Junshi and Yang, Yi and Yan, Shuicheng},
  booktitle={CVPR},
  year={2017}
}

@inproceedings{pred0_3,
  title={Predictivenet: An energy-efficient convolutional neural network via zero prediction},
  author={Lin, Yingyan and Sakr, Charbel and Kim, Yongjune and Shanbhag, Naresh},
  booktitle={2017 IEEE international symposium on circuits and systems (ISCAS)},
  year={2017},
  organization={IEEE}
}

@inproceedings{pred0_4,
  title={Sbnet: Sparse blocks network for fast inference},
  author={Ren, Mengye and Pokrovsky, Andrei and Yang, Bin and Urtasun, Raquel},
  booktitle={CVPR},
  year={2018}
}

@inproceedings{pred0_5,
  title={Seernet: Predicting convolutional neural network feature-map sparsity through low-bit quantization},
  author={Cao, Shijie and Ma, Lingxiao and Xiao, Wencong and Zhang, Chen and Liu, Yunxin and Zhang, Lintao and Nie, Lanshun and Yang, Zhi},
  booktitle={CVPR},
  year={2019}
}

@inproceedings{yu2018slimmable,
  title={Slimmable neural networks},
  author={Yu, Jiahui and Yang, Linjie and Xu, Ning and Yang, Jianchao and Huang, Thomas},
  booktitle={arXiv preprint arXiv:1812.08928},
  year={2018}
}

@inproceedings{Hu2018AnytimeNN,
  title={Anytime Neural Network: a Versatile Trade-off Between Computation and Accuracy},
  author={Hanzhang Hu and Debadeepta Dey and M. Hebert and J. Bagnell},
  year={2018}
}

@inproceedings{hu2019learning,
  title={Learning anytime predictions in neural networks via adaptive loss balancing},
  author={Hu, Hanzhang and Dey, Debadeepta and Hebert, Martial and Bagnell, J Andrew},
  booktitle={AAAI},
  year={2019}
}

@inproceedings{liu2017dynamic,
  title={Dynamic deep neural networks: Optimizing accuracy-efficiency trade-offs by selective execution},
  author={Liu, Lanlan and Deng, Jia},
  booktitle={arXiv preprint arXiv:1701.00299},
  year={2017}
}


@inproceedings{amthor2016impatient,
  title={Impatient dnns-deep neural networks with dynamic time budgets},
  author={Amthor, Manuel and Rodner, Erik and Denzler, Joachim},
  booktitle={arXiv preprint arXiv:1610.02850},
  year={2016}
}

@inproceedings{wang2019anytime,
  title={Anytime stereo image depth estimation on mobile devices},
  author={Wang, Yan and Lai, Zihang and Huang, Gao and Wang, Brian H and Van Der Maaten, Laurens and Campbell, Mark and Weinberger, Kilian Q},
  booktitle={ICRA},
  year={2019}
}


@inproceedings{karayev2014anytime,
  title={Anytime recognition of objects and scenes},
  author={Karayev, Sergey and Fritz, Mario and Darrell, Trevor},
  booktitle={CVPR},
  year={2014}
}


@inproceedings{wang2018resource,
  title={Resource aware person re-identification across multiple resolutions},
  author={Wang, Yan and Wang, Lequn and You, Yurong and Zou, Xu and Chen, Vincent and Li, Serena and Huang, Gao and Hariharan, Bharath and Weinberger, Kilian Q},
  booktitle={CVPR},
  year={2018}
}

@inproceedings{liu2016learning,
  title={Learning dynamic hierarchical models for anytime scene labeling},
  author={Liu, Buyu and He, Xuming},
  booktitle={ECCV},
  year={2016},
  organization={Springer}
}

@inproceedings{veit2018convolutional,
  title={Convolutional networks with adaptive inference graphs},
  author={Veit, Andreas and Belongie, Serge},
  booktitle={ECCV},
  year={2018}
}

@inproceedings{mcgill2017deciding,
  title={Deciding how to decide: Dynamic routing in artificial neural networks},
  author={McGill, Mason and Perona, Pietro},
  booktitle={arXiv preprint arXiv:1703.06217},
  year={2017}
}

@inproceedings{bai2020multiscale,
  title={Multiscale deep equilibrium models},
  author={Bai, Shaojie and Koltun, Vladlen and Kolter, J Zico},
  booktitle={arXiv preprint arXiv:2006.08656},
  year={2020}
}

@misc{hrnet_ss_github,
  title = {{GitHub} repository: Deep High-Resolution Representation Learning for Visual Recognition},
  year = {2019},
  howpublished = {\url{https://github.com/HRNet/HRNet-Semantic-Segmentation}},
}

@misc{mdeq,
  title = {{GitHub} repository: Multiscale Deep Equilibrium Models},
  year = {2020},
  howpublished = {\url{https://github.com/locuslab/mdeq}},
}

@misc{hrnet_hpe_github,
  title = {{GitHub} repository: Deep High-Resolution Representation Learning for Human Pose Estimation},
  year = {2019},
  howpublished = {\url{https://github.com/leoxiaobin/deep-high-resolution-net.pytorch}},
}

@inproceedings{sun2019deep,
  title={Deep high-resolution representation learning for human pose estimation},
  author={Sun, Ke and Xiao, Bin and Liu, Dong and Wang, Jingdong},
  booktitle={CVPR},
  year={2019}
}


@inproceedings{zhao2017pyramid,
  title={Pyramid scene parsing network},
  author={Zhao, Hengshuang and Shi, Jianping and Qi, Xiaojuan and Wang, Xiaogang and Jia, Jiaya},
  booktitle={CVPR},
  year={2017}
}

@inproceedings{jacob2018quantization,
  title={Quantization and training of neural networks for efficient integer-arithmetic-only inference},
  author={Jacob, Benoit and Kligys, Skirmantas and Chen, Bo and Zhu, Menglong and Tang, Matthew and Howard, Andrew and Adam, Hartwig and Kalenichenko, Dmitry},
  booktitle={CVPR},
  year={2018}
}


@inproceedings{pytorch,
  title={Pytorch: An imperative style, high-performance deep learning library},
  author={Paszke, Adam and Gross, Sam and Massa, Francisco and Lerer, Adam and Bradbury, James and Chanan, Gregory and Killeen, Trevor and Lin, Zeming and Gimelshein, Natalia and Antiga, Luca and others},
  booktitle={NeurIPS},
  year={2019}
}


@inproceedings{sparse1,
  title={Submanifold Sparse Convolutional Networks},
  author={Graham, Benjamin and van der Maaten, Laurens},
  booktitle={arXiv preprint arXiv:1706.01307},
  year={2017}
}

@inproceedings{sparse2,
  title={4D Spatio-Temporal ConvNets: Minkowski Convolutional Neural Networks},
  author={Choy, Christopher and Gwak, JunYoung and Savarese, Silvio},
  booktitle={CVPR},
  year={2019}
}

@inproceedings{chetlur2014cudnn,
	Author = {Sharan Chetlur and Cliff Woolley and Philippe Vandermersch and Jonathan Cohen and John Tran and Bryan Catanzaro and Evan Shelhamer},
	booktitle = {arXiv preprint arXiv:1410.0759},
	Title = {{cuDNN}: Efficient Primitives for Deep Learning},
	Year = {2014}}
	
	
@inproceedings{zhao2018icnet,
  title={ICNet for Real-Time Semantic Segmentation on High-Resolution Images},
  author={Zhao, Hengshuang and Qi, Xiaojuan and Shen, Xiaoyong and Shi, Jianping and Jia, Jiaya},
  booktitle={ECCV},
  year={2018}
}

@inproceedings{nekrasov2018light,
  title={Light-weight refinenet for real-time semantic segmentation},
  author={Nekrasov, Vladimir and Shen, Chunhua and Reid, Ian},
  booktitle={arXiv preprint arXiv:1810.03272},
  year={2018}
}


@inproceedings{li2020micronet,
  title={MicroNet: Towards Image Recognition with Extremely Low FLOPs},
  author={Li, Yunsheng and Chen, Yinpeng and Dai, Xiyang and Chen, Dongdong and Liu, Mengchen and Yuan, Lu and Liu, Zicheng and Zhang, Lei and Vasconcelos, Nuno},
  booktitle={arXiv preprint arXiv:2011.12289},
  year={2020}
}

@inproceedings{lin2017refinenet,
  title={Refinenet: Multi-path refinement networks for high-resolution semantic segmentation},
  author={Lin, Guosheng and Milan, Anton and Shen, Chunhua and Reid, Ian},
  booktitle={CVPR},
  year={2017}
}

@inproceedings{zhang2018shufflenet,
  title={Shufflenet: An extremely efficient convolutional neural network for mobile devices},
  author={Zhang, Xiangyu and Zhou, Xinyu and Lin, Mengxiao and Sun, Jian},
  booktitle={CVPR},
  year={2018}
}

@inproceedings{howard2017mobilenets,
  title={Mobilenets: Efficient convolutional neural networks for mobile vision applications},
  author={Howard, Andrew G and Zhu, Menglong and Chen, Bo and Kalenichenko, Dmitry and Wang, Weijun and Weyand, Tobias and Andreetto, Marco and Adam, Hartwig},
  booktitle={arXiv preprint arXiv:1704.04861},
  year={2017}
}

@inproceedings{ma2018shufflenet,
  title={Shufflenet v2: Practical guidelines for efficient cnn architecture design},
  author={Ma, Ningning and Zhang, Xiangyu and Zheng, Hai-Tao and Sun, Jian},
  booktitle={ECCV},
  year={2018}
}

@inproceedings{romera2017efficient,
  title={Efficient convnet for real-time semantic segmentation},
  author={Romera, Eduardo and Alvarez, Jos{\'e} M and Bergasa, Luis M and Arroyo, Roberto},
  booktitle={2017 IEEE Intelligent Vehicles Symposium (IV)},
  year={2017},
  organization={IEEE}
}

@inproceedings{paszke2016enet,
  title={Enet: A deep neural network architecture for real-time semantic segmentation},
  author={Paszke, Adam and Chaurasia, Abhishek and Kim, Sangpil and Culurciello, Eugenio},
  booktitle={arXiv preprint arXiv:1606.02147},
  year={2016}
}

@inproceedings{yu2018bisenet,
  title={Bisenet: Bilateral segmentation network for real-time semantic segmentation},
  author={Yu, Changqian and Wang, Jingbo and Peng, Chao and Gao, Changxin and Yu, Gang and Sang, Nong},
  booktitle={ECCV},
  year={2018}
}

@inproceedings{yu2020bisenetv2,
  title={Bisenet v2: Bilateral network with guided aggregation for real-time semantic segmentation},
  author={Yu, Changqian and Gao, Changxin and Wang, Jingbo and Yu, Gang and Shen, Chunhua and Sang, Nong},
  booktitle={arXiv preprint arXiv:2004.02147},
  year={2020}
}

@inproceedings{verelst2020dynamic,
  title={Dynamic convolutions: Exploiting spatial sparsity for faster inference},
  author={Verelst, Thomas and Tuytelaars, Tinne},
  booktitle={CVPR},
  year={2020}
}

@inproceedings{elsen2020fast,
  title={Fast sparse convnets},
  author={Elsen, Erich and Dukhan, Marat and Gale, Trevor and Simonyan, Karen},
  booktitle={CVPR},
  year={2020}
}

@inproceedings{lee2015deeply,
  title={Deeply-supervised nets},
  author={Lee, Chen-Yu and Xie, Saining and Gallagher, Patrick and Zhang, Zhengyou and Tu, Zhuowen},
  booktitle={Artificial intelligence and statistics},
  pages={562--570},
  year={2015},
  organization={PMLR}
}

@inproceedings{szegedy2015going,
  title={Going deeper with convolutions},
  author={Szegedy, Christian and Liu, Wei and Jia, Yangqing and Sermanet, Pierre and Reed, Scott and Anguelov, Dragomir and Erhan, Dumitru and Vanhoucke, Vincent and Rabinovich, Andrew},
  booktitle={CVPR},
  year={2015}
}

@inproceedings{li2017not,
  title={Not all pixels are equal: Difficulty-aware semantic segmentation via deep layer cascade},
  author={Li, Xiaoxiao and Liu, Ziwei and Luo, Ping and Change Loy, Chen and Tang, Xiaoou},
  booktitle={CVPR},
  year={2017}
}

@InProceedings{mottaghi_cvpr14,
 author       = {Roozbeh Mottaghi and Xianjie Chen and Xiaobai Liu and Nam-Gyu Cho and Seong-Whan Lee and Sanja Fidler and Raquel Urtasun and Alan Yuille},
 title        = {The Role of Context for Object Detection and Semantic Segmentation in the Wild},
 booktitle    = {CVPR},
 year         = {2014},
}

@inproceedings{kirillov2020pointrend,
  title={Pointrend: Image segmentation as rendering},
  author={Kirillov, Alexander and Wu, Yuxin and He, Kaiming and Girshick, Ross},
  booktitle={CVPR},
  year={2020}
}

@inproceedings{hooker2021hardware,
  title={The hardware lottery},
  author={Hooker, Sara},
  booktitle={Communications of the ACM},
  volume={64},
  number={12},
  pages={58--65},
  year={2021},
  publisher={ACM New York, NY, USA}
}

















@inproceedings{liu2017learning,
  title={Learning efficient convolutional networks through network slimming},
  author={Liu, Zhuang and Li, Jianguo and Shen, Zhiqiang and Huang, Gao and Yan, Shoumeng and Zhang, Changshui},
  booktitle={ICCV},
  year={2017},
}

@inproceedings{he2018sfp,
  title={Soft Filter Pruning for Accelerating Deep Convolutional Neural Networks},
  author={He, Yang and Kang, Guoliang and Dong, Xuanyi and Fu, Yanwei and Yang, Yi},
  booktitle={IJCAI},
  year={2018},
}

@inproceedings{li2016pruning,
  title={Pruning filters for efficient convnets},
  author={Li, Hao and Kadav, Asim and Durdanovic, Igor and Samet, Hanan and Graf, Hans Peter},
  booktitle={ICLR},
  year={2017}
}

@inproceedings{he2017channel,
  title={Channel pruning for accelerating very deep neural networks},
  author={He, Yihui and Zhang, Xiangyu and Sun, Jian},
  booktitle={ICCV},
  year={2017},
}


@inproceedings{nisp,
  title={Nisp: Pruning networks using neuron importance score propagation},
  author={Yu, Ruichi and Li, Ang and Chen, Chun-Fu and Lai, Jui-Hsin and Morariu, Vlad I and Han, Xintong and Gao, Mingfei and Lin, Ching-Yung and Davis, Larry S},
  booktitle={CVPR},
  year={2018},
}

@inproceedings{luo2017thinet,
  title={Thinet: A filter level pruning method for deep neural network compression},
  author={Luo, Jian-Hao and Wu, Jianxin and Lin, Weiyao},
  booktitle={ICCV},
  year={2017}
}

@inproceedings{pfa,
  title={Principal Filter Analysis for Guided Network Compression},
  author={Suau, Xavier and Zappella, Luca and Palakkode, Vinay and Apostoloff, Nicholas},
  booktitle={arXiv preprint arXiv:1807.10585},
  year={2018}
}

@inproceedings{lin2017runtime,
  title={Runtime neural pruning},
  author={Lin, Ji and Rao, Yongming and Lu, Jiwen and Zhou, Jie},
  booktitle={NIPS},
  year={2017}
}

@inproceedings{nvidia,
  title={Pruning convolutional neural networks for resource efficient inference},
  author={Molchanov, Pavlo and Tyree, Stephen and Karras, Tero and Aila, Timo and Kautz, Jan},
  booktitle={arXiv preprint arXiv:1611.06440},
  year={2016}
}

@inproceedings{trimming,
  title={Network trimming: A data-driven neuron pruning approach towards efficient deep architectures},
  author={Hu, Hengyuan and Peng, Rui and Tai, Yu-Wing and Tang, Chi-Keung},
  booktitle={arXiv preprint arXiv:1607.03250},
  year={2016}
}

@inproceedings{structured,
  title={Structured pruning of deep convolutional neural networks},
  author={Anwar, Sajid and Hwang, Kyuyeon and Sung, Wonyong},
  booktitle={ACM booktitle on Emerging Technologies in Computing Systems (JETC)},
  year={2017},
  publisher={ACM}
}

@inproceedings{anwar2016compact,
  title={Compact deep convolutional neural networks with coarse pruning},
  author={Anwar, Sajid and Sung, Wonyong},
  booktitle={arXiv preprint arXiv:1610.09639},
  year={2016}
}

@inproceedings{ye2018rethinking,
  title={Rethinking the Smaller-Norm-Less-Informative Assumption in Channel Pruning of Convolution Layers},
  author={Ye, Jianbo and Lu, Xin and Lin, Zhe and Wang, James Z},
  booktitle={ICLR},
  year={2018}
}
@inproceedings{huang2018data,
  author =   {Zehao Huang and Naiyan Wang},
  title =    {Data-Driven Sparse Structure Selection for Deep Neural Networks},
  booktitle =  {ECCV},
  year =     {2018}
}

@inproceedings{wen2016learning,
  title={Learning structured sparsity in deep neural networks},
  author={Wen, Wei and Wu, Chunpeng and Wang, Yandan and Chen, Yiran and Li, Hai},
  booktitle={NIPS},
  year={2016}
}

@inproceedings{gs1,
  title={Learning the number of neurons in deep networks},
  author={Alvarez, Jose M and Salzmann, Mathieu},
  booktitle={NIPS},
  year={2016}
}

@inproceedings{gs2,
  title={Fast convnets using group-wise brain damage},
  author={Lebedev, Vadim and Lempitsky, Victor},
  booktitle={CVPR},
  year={2016}
}

@inproceedings{gs3,
  title={Less is more: Towards compact cnns},
  author={Zhou, Hao and Alvarez, Jose M and Porikli, Fatih},
  booktitle={ECCV},
  year={2016},
}

@inproceedings{han2015learning,
  title={Learning both weights and connections for efficient neural network},
  author={Han, Song and Pool, Jeff and Tran, John and Dally, William},
  booktitle={NIPS},
  year={2015}
}

@inproceedings{han2015deep,
  title={Deep compression: Compressing deep neural networks with pruning, trained quantization and huffman coding},
  author={Han, Song and Mao, Huizi and Dally, William J},
  booktitle={ICLR},
  year={2016}
}


@inproceedings{alexnet,
  title={Imagenet classification with deep convolutional neural networks},
  author={Krizhevsky, Alex and Sutskever, Ilya and Hinton, Geoffrey E},
  booktitle={NIPS},
  year={2012}
}

@inproceedings{resnet,
  title={Deep residual learning for image recognition},
  author={He, Kaiming and Zhang, Xiangyu and Ren, Shaoqing and Sun, Jian},
  booktitle={CVPR},
  year={2016}
}
@inproceedings{fitnet,
  title={Fitnets: Hints for thin deep nets},
  author={Romero, Adriana and Ballas, Nicolas and Kahou, Samira Ebrahimi and Chassang, Antoine and Gatta, Carlo and Bengio, Yoshua},
  booktitle={ICLR},
  year={2015}
}

@inproceedings{binarynet,
  title={Binarized neural networks: Training deep neural networks with weights and activations constrained to+ 1 or-1},
  author={Courbariaux, Matthieu and Hubara, Itay and Soudry, Daniel and El-Yaniv, Ran and Bengio, Yoshua},
  booktitle={arXiv preprint arXiv:1602.02830},
  year={2016}
}

@inproceedings{xnornet,
  title={Xnor-net: Imagenet classification using binary convolutional neural networks},
  author={Rastegari, Mohammad and Ordonez, Vicente and Redmon, Joseph and Farhadi, Ali},
  booktitle={ECCV},
  year={2016}
}


@inproceedings{toprune,
  title={To prune, or not to prune: exploring the efficacy of pruning for model compression},
  author={Zhu, Michael and Gupta, Suyog},
  booktitle={ICLR Workshop},
  year={2018}
}

@inproceedings{eie,
  title={EIE: efficient inference engine on compressed deep neural network},
  author={Han, Song and Liu, Xingyu and Mao, Huizi and Pu, Jing and Pedram, Ardavan and Horowitz, Mark A and Dally, William J},
  booktitle={Computer Architecture (ISCA), 2016 ACM/IEEE 43rd Annual International Symposium on},
  year={2016},
}

@inproceedings{wu2016quantized,
  title={Quantized convolutional neural networks for mobile devices},
  author={Wu, Jiaxiang and Leng, Cong and Wang, Yuhang and Hu, Qinghao and Cheng, Jian},
  booktitle={CVPR},
  year={2016}
}

@inproceedings{lowrank1,
  title={Exploiting linear structure within convolutional networks for efficient evaluation},
  author={Denton, Emily L and Zaremba, Wojciech and Bruna, Joan and LeCun, Yann and Fergus, Rob},
  booktitle={NIPS},
  year={2014}
}

@inproceedings{lowrank2,
  title={Speeding-up convolutional neural networks using fine-tuned cp-decomposition},
  author={Lebedev, Vadim and Ganin, Yaroslav and Rakhuba, Maksim and Oseledets, Ivan and Lempitsky, Victor},
  booktitle={ICLR},
  year={2014}
}

@inproceedings{deep,
  title={Do deep nets really need to be deep?},
  author={Ba, Jimmy and Caruana, Rich},
  booktitle={NIPS},
  year={2014}
}

@inproceedings{vgg,
  title={Very deep convolutional networks for large-scale image recognition},
  author={Simonyan, Karen and Zisserman, Andrew},
  booktitle={ICLR},
  year={2015}
}


@inproceedings{maskrcnn,
  title={Mask r-cnn},
  author={He, Kaiming and Gkioxari, Georgia and Doll{\'a}r, Piotr and Girshick, Ross},
  booktitle={ICCVs},
  year={2017},
}

@inproceedings{rcnn,
  title={Rich feature hierarchies for accurate object detection and semantic segmentation},
  author={Girshick, Ross and Donahue, Jeff and Darrell, Trevor and Malik, Jitendra},
  booktitle={CVPR},
  year={2014}
}

@inproceedings{fcn,
  title={Fully convolutional networks for semantic segmentation},
  author={Long, Jonathan and Shelhamer, Evan and Darrell, Trevor},
  booktitle={CVPR},
  year={2015}
}

%----------------
@inproceedings{coarse,
  title={Coarse Pruning of Convolutional Neural Networks with Random Masks},
  author={Anwar, Sajid and Sung, Wonyong},
  year={2016}
}

@inproceedings{recovering,
  title={Recovering from random pruning: On the plasticity of deep convolutional neural networks},
  author={Mittal, Deepak and Bhardwaj, Shweta and Khapra, Mitesh M and Ravindran, Balaraman},
  booktitle={arXiv preprint arXiv:1801.10447},
  year={2018}
}

@inproceedings{power,
  title={The power of sparsity in convolutional neural networks},
  author={Changpinyo, Soravit and Sandler, Mark and Zhmoginov, Andrey},
  booktitle={arXiv preprint arXiv:1702.06257},
  year={2017}
}

@inproceedings{obd,
  title={Optimal brain damage},
  author={LeCun, Yann and Denker, John S and Solla, Sara A},
  booktitle={NIPS},
  year={1990}
}

@inproceedings{obs,
  title={Second order derivatives for network pruning: Optimal brain surgeon},
  author={Hassibi, Babak and Stork, David G},
  booktitle={NIPS},
  year={1993}
}

@inproceedings{datafree,
  title={Data-free parameter pruning for deep neural networks},
  author={Srinivas, Suraj and Babu, R Venkatesh},
  booktitle={BMVC},
  year={2015}
}

@inproceedings{trim,
  title={Net-trim: Convex pruning of deep neural networks with performance guarantee},
  author={Aghasi, Alireza and Abdi, Afshin and Nguyen, Nam and Romberg, Justin},
  booktitle={NIPS},
  year={2017}
}

@inproceedings{cheng2015exploration,
  title={An exploration of parameter redundancy in deep networks with circulant projections},
  author={Cheng, Yu and Yu, Felix X and Feris, Rogerio S and Kumar, Sanjiv and Choudhary, Alok and Chang, Shi-Fu},
  booktitle={Proceedings of the IEEE International Conference on Computer Vision},
  pages={2857--2865},
  year={2015}
}


@inproceedings{he2015delving,
  title={Delving deep into rectifiers: Surpassing human-level performance on imagenet classification},
  author={He, Kaiming and Zhang, Xiangyu and Ren, Shaoqing and Sun, Jian},
  booktitle={CVPR},
  year={2015}
}


@inproceedings{cifar,
  title={Learning multiple layers of features from tiny images},
  author={Krizhevsky, Alex},
  year={2009},
  booktitle={Tech Report}
}

@inproceedings{densenet,
  title={Densely Connected Convolutional Networks},
  author={Huang, Gao and Liu, Zhuang and van der Maaten, Laurens and Weinberger, Kilian Q},
  booktitle={CVPR},
  year={2017},
}


@inproceedings{caffe,
  title={Caffe: Convolutional architecture for fast feature embedding},
  author={Jia, Yangqing and Shelhamer, Evan and Donahue, Jeff and Karayev, Sergey and Long, Jonathan and Girshick, Ross and Guadarrama, Sergio and Darrell, Trevor},
  booktitle={ACM Multimedia},
  year={2014},
}


@inproceedings{compact,
  title={Compact deep convolutional neural networks with coarse pruning},
  author={Anwar, Sajid and Sung, Wonyong},
  booktitle={arXiv preprint arXiv:1610.09639},
  year={2016}
}

@inproceedings{dsod,
  title={DSOD: Learning deeply supervised object detectors from scratch},
  author={Shen, Zhiqiang and Liu, Zhuang and Li, Jianguo and Jiang, Yu-Gang and Chen, Yurong and Xue, Xiangyang},
  booktitle={ICCV},
  year={2017},
}

@inproceedings{rl1,
  title={Neural architecture search with reinforcement learning},
  author={Zoph, Barret and Le, Quoc V},
  booktitle={ICLR},
  year={2017}
}

@inproceedings{rl2,
  title={Designing neural network architectures using reinforcement learning},
  author={Baker, Bowen and Gupta, Otkrist and Naik, Nikhil and Raskar, Ramesh},
  booktitle={ICLR},
  year={2017}
}

@inproceedings{genetic,
  title={Genetic CNN.},
  author={Xie, Lingxi and Yuille, Alan L},
  booktitle={ICCV},
  year={2017},
}

@inproceedings{amc,
  title={Amc: Automl for model compression and acceleration on mobile devices},
  author={He, Yihui and Lin, Ji and Liu, Zhijian and Wang, Hanrui and Li, Li-Jia and Han, Song},
  booktitle={ECCV},
  year={2018},
}

@inproceedings{gordon2018morphnet,
  title={Morphnet: Fast \& simple resource-constrained structure learning of deep networks},
  author={Gordon, Ariel and Eban, Elad and Nachum, Ofir and Chen, Bo and Wu, Hao and Yang, Tien-Ju and Choi, Edward},
  booktitle={CVPR},
  year={2018},
}

@inproceedings{han2016eie,
  title={EIE: efficient inference engine on compressed deep neural network},
  author={Han, Song and Liu, Xingyu and Mao, Huizi and Pu, Jing and Pedram, Ardavan and Horowitz, Mark A and Dally, William J},
  booktitle={Computer Architecture (ISCA), 2016 ACM/IEEE 43rd Annual International Symposium on},
  year={2016},
}

@inproceedings{liu2017hierarchical,
  title={Hierarchical representations for efficient architecture search},
  author={Liu, Hanxiao and Simonyan, Karen and Vinyals, Oriol and Fernando, Chrisantha and Kavukcuoglu, Koray},
  booktitle={ICLR},
  year={2018}
}

@inproceedings{sharing,
  title={Efficient Neural Architecture Search via Parameter Sharing},
  author={Pham, Hieu and Guan, Melody Y and Zoph, Barret and Le, Quoc V and Dean, Jeff},
  booktitle={ICML},
  year={2018}
}

@inproceedings{darts,
  title={Darts: Differentiable architecture search},
  author={Liu, Hanxiao and Simonyan, Karen and Yang, Yiming},
  booktitle={arXiv preprint arXiv:1806.09055},
  year={2018}
}

@inproceedings{bn,
  title={Batch normalization: Accelerating deep network training by reducing internal covariate shift},
  author={Ioffe, Sergey and Szegedy, Christian},
  booktitle={arXiv preprint arXiv:1502.03167},
  year={2015}
}

@inproceedings{carreira2018learning,
  title={``Learning-Compression'' Algorithms for Neural Net Pruning},
  author={Carreira-Perpin{\'a}n, Miguel A and Idelbayev, Yerlan},
  booktitle={CVPR},
  year={2018},
}

@inproceedings{chin2018layer,
  title={Layer-compensated pruning for resource-constrained convolutional neural networks},
  author={Chin, Ting-Wu and Zhang, Cha and Marculescu, Diana},
  booktitle={arXiv preprint arXiv:1810.00518},
  year={2018}
}



@inproceedings{lottery,
title={The Lottery Ticket Hypothesis: Finding Sparse, Trainable Neural Networks},
author={Jonathan Frankle and Michael Carbin},
booktitle={ICLR},
year={2019},
}

@inproceedings{vdropout,
  title={Variational dropout sparsifies deep neural networks},
  author={Molchanov, Dmitry and Ashukha, Arsenii and Vetrov, Dmitry},
  booktitle={ICML},
  year={2017},
}

@inproceedings{vdropoutorg,
  title={Variational Dropout and the Local Reparameterization Trick
},
  author={P. Kingma, Diederik and Salimans,  Tim and Welling, Max
},
  booktitle={NIPS},
  year={2015},
}

@inproceedings{l0sparse,
  title={Learning Sparse Neural Networks through $ L\_0 $ Regularization},
  author={Louizos, Christos and Welling, Max and Kingma, Diederik P},
  booktitle={ICLR},
  year={2018}
}


@inproceedings{huang2018condensenet,
  title={Condensenet: An efficient densenet using learned group convolutions},
  author={Huang, Gao and Liu, Shichen and Van der Maaten, Laurens and Weinberger, Kilian Q},
  booktitle={CVPR},
  year={2018}
}













% Encoding: UTF-8

@String{AISTATS = {AISTATS}}

@STRING{BMVC = {BMVC}}
@String{CVPR = {CVPR}}
@STRING{ECCV = {ECCV}}
@String{ICASSP = {ICASSP}}
@STRING{ICCV = {ICCV}}
@STRING{ICLR = {ICLR}}
@STRING{ICML = {ICML}}
@STRING{IJCV = {IJCV}}
@String{NIPS    = {NeurIPS}}
@STRING{TPAMI = {TPAMI}}

@inproceedings{Agostinelli2014,
  author = {Agostinelli, Forest and Hoffman, Matthew and Sadowski, Peter and
  Baldi, Pierre},
  title = {Learning Activation Functions to Improve Deep Neural Networks},
  booktitle = {arXiv:1412.6830},
  year = {2014}
}

@INPROCEEDINGS{Babenko2012,
  author = {Artem Babenko and Victor S. Lempitsky},
  title = {The inverted multi-index},
  booktitle = CVPR,
  year = {2012}
}

@inproceedings{Bengio2003,
  author = {Bengio, Yoshua and Ducharme, R{\'e}jean and Vincent, Pascal and Janvin,
  Christian},
  title = {A neural probabilistic language model},
  booktitle = {JMLR},
  year = {2003},
  volume = {3},
  pages = {1137--1155}
}

@inproceedings{Bengio1994,
  author = {Bengio, Yoshua and Simard, Patrice and Frasconi, Paolo},
  title = {Learning long-term dependencies with gradient descent is difficult},
  booktitle = {IEEE Transactions on Neural Networks},
  year = {1994},
  volume = {5},
  pages = {157--166},
  number = {2}
}

@BOOK{Bishop1995,
  title = {Neural networks for pattern recognition},
  publisher = {Oxford university press},
  year = {1995},
  author = {Bishop, Christopher M}
}

@INPROCEEDINGS{Bo2013,
  author = {Bo, Liefeng and Ren, Xiaofeng and Fox, Dieter},
  title = {Multipath sparse coding using hierarchical matching pursuit},
  booktitle = CVPR,
  year = {2013}
}

@BOOK{Briggs2000,
  title = {{A Multigrid Tutorial}},
  publisher = {Siam},
  year = {2000},
  author = {Briggs, William L and McCormick, Steve F and others}
}

@InProceedings{Burger2012,
  author    = {Burger, Harold Christopher and Schuler, Christian J and Harmeling, Stefan},
  title     = {Image denoising: Can plain Neural Networks compete with {BM3D}?},
  booktitle = CVPR,
  year      = {2012},
}

@inproceedings{Chang2011,
  author = {Chang, Chih-Chung and Lin, Chih-Jen},
  title = {LIBSVM: a library for support vector machines},
  booktitle = {ACM Transactions on Intelligent Systems and Technology (TIST)},
  year = {2011}
}

@INPROCEEDINGS{Chatfield2011,
  author = {Chatfield, Ken and Lempitsky, Victor and Vedaldi, Andrea and Zisserman,
  Andrew},
  title = {The devil is in the details: an evaluation of recent feature encoding
  methods},
  booktitle = BMVC,
  year = {2011}
}

@INPROCEEDINGS{Chatfield2014,
  author = {Chatfield, K. and Simonyan, K. and Vedaldi, A. and Zisserman, A.},
  title = {Return of the Devil in the Details: Delving Deep into Convolutional
  Nets},
  booktitle = BMVC,
  year = {2014}
}

@INPROCEEDINGS{Chen2015,
  author = {Chen, Liang-Chieh and Papandreou, George and Kokkinos, Iasonas and
  Murphy, Kevin and Yuille, Alan L},
  title = {Semantic Image Segmentation with Deep Convolutional Nets and Fully
  Connected CRFs},
  booktitle = {ICLR},
  year = {2015}
}

@INPROCEEDINGS{Cheng2014,
  author = {Cheng, Ming-Ming and Zhang, Ziming and Lin, Wen-Yan and Torr, PHS},
  title = {{BING}: Binarized normed gradients for objectness estimation at 300fps},
  booktitle = {CVPR},
  year = {2014}
}

@INPROCEEDINGS{Ciresan2012,
  author = {Ciresan, Dan and Meier, Ueli and Schmidhuber, J{\"u}rgen},
  title = {Multi-column deep neural networks for image classification},
  booktitle = CVPR,
  year = {2012}
}

@INPROCEEDINGS{Clevert2016,
  author = {Clevert, Djork-Arn{\'e} and Unterthiner, Thomas and Hochreiter, Sepp},
  title = {Fast and Accurate Deep Network Learning by Exponential Linear Units
  {(ELUs)}},
  booktitle = ICLR,
  year = {2016},
  booktitle = {arXiv:1511.07289}
}

@INPROCEEDINGS{Coates2011,
  author = {Coates, Adam and Ng, Andrew},
  title = {The importance of encoding versus training with sparse coding and
  vector quantization},
  booktitle = ICML,
  year = {2011}
}

@inproceedings{Dai2015,
  author = {Dai, Jifeng and He, Kaiming and Sun, Jian},
  title = {Boxsup: Exploiting bounding boxes to supervise convolutional networks
  for semantic segmentation},
  booktitle = {arXiv:1503.01640},
  year = {2015}
}

@inproceedings{Dai2015a,
  author = {Dai, Jifeng and He, Kaiming and Sun, Jian},
  title = {Instance-aware Semantic Segmentation via Multi-task Network Cascades},
  booktitle = {arXiv:1512.04412},
  year = {2015}
}

@INPROCEEDINGS{Dalal2005,
  author = {Dalal, Navneet and Triggs, Bill},
  title = {Histograms of oriented gradients for human detection},
  booktitle = CVPR,
  year = {2005}
}

@INPROCEEDINGS{Dean2013,
  author = {Dean, Thomas and Ruzon, Mark A and Segal, Mark and Shlens, Jonathon
  and Vijayanarasimhan, Sudheendra and Yagnik, Jay},
  title = {Fast, accurate detection of 100,000 object classes on a single machine},
  booktitle = CVPR,
  year = {2013}
}

@InProceedings{imagenet,
  author    = {Deng, Jia and Dong, Wei and Socher, Richard and Li, Li-Jia and Li, Kai and Fei-Fei, Li},
  title     = {{ImageNet: A large-scale hierarchical image database}},
  booktitle = CVPR,
  year      = {2009},
}

@INPROCEEDINGS{Denton2014,
  author = {Denton, Emily and Zaremba, Wojciech and Bruna, Joan and LeCun, Yann
  and Fergus, Rob},
  title = {Exploiting Linear Structure Within Convolutional Networks for Efficient
  Evaluation},
  booktitle = NIPS,
  year = {2014}
}

@InProceedings{Donahue2014,
  author    = {Donahue, Jeff and Jia, Yangqing and Vinyals, Oriol and Hoffman, Judy and Zhang, Ning and Tzeng, Eric and Darrell, Trevor},
  title     = {DeCAF: A Deep Convolutional Activation Feature for Generic Visual Recognition},
  booktitle = ICML,
  year      = {2014},
  booktitle   = {arXiv:1310.1531},
}

@INPROCEEDINGS{Dong2014,
  author = {Dong, Chao and Loy, Chen Change and He, Kaiming and Tang, Xiaoou},
  title = {Learning a Deep Convolutional Network for Image Super-Resolution},
  booktitle = ECCV,
  year = {2014},
  pages = {184--199}
}

@inproceedings{Eigen2013,
  author = {Eigen, David and Rolfe, Jason and Fergus, Rob and LeCun, Yann},
  title = {Understanding Deep Architectures using a Recursive Convolutional
  Network},
  booktitle = {arXiv:1312.1847},
  year = {2013}
}

@inproceedings{Elman1990,
  author = {Elman, Jeffrey L},
  title = {Finding structure in time},
  booktitle = {Cognitive science},
  year = {1990},
  volume = {14},
  pages = {179--211},
  number = {2},
  publisher = {Elsevier}
}

@inproceedings{Everingham2010,
  author  = {Everingham, Mark and Van Gool, Luc and Williams, Christopher KI and Winn, John and Zisserman, Andrew},
  title   = {{The {PASCAL} Visual Object Classes (VOC) Challenge}},
  booktitle = IJCV,
  year    = {2010},
}

@inproceedings{Fei-Fei2007,
  author = {Fei-Fei, Li and Fergus, Rob and Perona, Pietro},
  title = {Learning generative visual models from few training examples: An
  incremental bayesian approach tested on 101 object categories},
  booktitle = {CVIU},
  year = {2007}
}

@inproceedings{Felzenszwalb2010,
  author = {Felzenszwalb, Pedro F and Girshick, Ross B and McAllester, David
  and Ramanan, Deva},
  title = {Object detection with discriminatively trained part-based models},
  booktitle = {PAMI},
  year = {2010}
}

@INPROCEEDINGS{Gemert2008,
  author = {van Gemert, Jan C and Geusebroek, Jan-Mark and Veenman, Cor J and
  Smeulders, Arnold WM},
  title = {Kernel codebooks for scene categorization},
  booktitle = ECCV,
  year = {2008}
}

@INPROCEEDINGS{Gidaris2015,
  author = {Gidaris, Spyros and Komodakis, Nikos},
  title = {Object detection via a multi-region \& semantic segmentation-aware
  CNN model},
  booktitle = ICCV,
  year = {2015},
  booktitle = {arXiv:1505.01749}
}

@INPROCEEDINGS{Girshick2015,
  author = {Ross Girshick},
  title = {{Fast R-CNN}},
  booktitle = ICCV,
  year = {2015},
  booktitle = {arXiv:1504.08083}
}


@InProceedings{Glorot2010,
  author    = {Glorot, Xavier and Bengio, Yoshua},
  title     = {Understanding the difficulty of training deep feedforward neural networks},
  booktitle = AISTATS,
  year      = {2010},
}

@INPROCEEDINGS{Glorot2011,
  author = {Glorot, Xavier and Bordes, Antoine and Bengio, Yoshua},
  title = {Deep sparse rectifier networks},
  booktitle = {Proceedings of the 14th International Conference on Artificial Intelligence
  and Statistics},
  year = {2011},
  pages = {315--323}
}

@inproceedings{Gong2014,
  author = {Yunchao Gong and Liwei Wang and Ruiqi Guo and Svetlana Lazebnik},
  title = {Multi-scale Orderless Pooling of Deep Convolutional Activation Features},
  booktitle = {arXiv:1403.1840},
  year = {2014}
}

@inproceedings{Goodfellow2013,
  author = {Goodfellow, Ian J and Warde-Farley, David and Mirza, Mehdi and Courville,
  Aaron and Bengio, Yoshua},
  title = {Maxout networks},
  booktitle = {arXiv:1302.4389},
  year = {2013}
}

@INPROCEEDINGS{Grauman2005,
  author = {Grauman, Kristen and Darrell, Trevor},
  title = {The pyramid match kernel: Discriminative classification with sets
  of image features},
  booktitle = ICCV,
  year = {2005}
}

@INPROCEEDINGS{Hariharan2015,
  author = {Hariharan, Bharath and Arbel{\'a}ez, Pablo and Girshick, Ross and
  Malik, Jitendra},
  title = {Hypercolumns for object segmentation and fine-grained localization},
  booktitle = {CVPR},
  year = {2015}
}

@INPROCEEDINGS{Hariharan2014,
  author = {Hariharan, Bharath and Arbel{\'a}ez, Pablo and Girshick, Ross and
  Malik, Jitendra},
  title = {Simultaneous detection and segmentation},
  booktitle = ECCV,
  year = {2014},
  pages = {297--312}
}

@INPROCEEDINGS{He2015a,
  author = {He, Kaiming and Sun, Jian},
  title = {Convolutional Neural Networks at Constrained Time Cost},
  booktitle = CVPR,
  year = {2015}
}


@INPROCEEDINGS{He2015,
  author = {He, Kaiming and Zhang, Xiangyu and Ren, Shaoqing and Sun, Jian},
  title = {Delving Deep into Rectifiers: Surpassing Human-Level Performance
  on ImageNet Classification},
  booktitle = ICCV,
  year = {2015},
  booktitle = {arXiv:1502.01852}
}

@INPROCEEDINGS{He2014,
  author = {He, Kaiming and Zhang, Xiangyu and Ren, Shaoqing and Sun, Jian},
  title = {Spatial pyramid pooling in deep convolutional networks for visual
  recognition},
  booktitle = ECCV,
  year = {2014}
}

@BOOK{Hertz1991,
  title = {Introduction to the theory of neural computation},
  year = {1991},
  author = {Hertz, John and Krogh, Anders and Palmer, Richard G}
}

@inproceedings{Hinton2012,
  author = {Hinton, Geoffrey E and Srivastava, Nitish and Krizhevsky, Alex and
  Sutskever, Ilya and Salakhutdinov, Ruslan R},
  title = {Improving neural networks by preventing co-adaptation of feature
  detectors},
  booktitle = {arXiv:1207.0580},
  year = {2012}
}

@inproceedings{Hochreiter1997,
  author = {Hochreiter, Sepp and Schmidhuber, J{\"u}rgen},
  title = {Long short-term memory},
  booktitle = {Neural computation},
  year = {1997},
  publisher = {MIT Press}
}

@inproceedings{Howard2013,
  author = {Howard, Andrew G},
  title = {Some Improvements on Deep Convolutional Neural Network Based Image
  Classification},
  booktitle = {arXiv:1312.5402},
  year = {2013},
  booktitle = {arXiv:1312.5402}
}

@inproceedings{Huang2013,
  author = {Huang, Yongzhen and Wu, Zifeng and Wang, Liang and Tan, Tieniu},
  title = {Feature Coding in Image Classification: A Comprehensive Study},
  booktitle = TPAMI,
  year = {2013}
}

@INPROCEEDINGS{Ioffe2015,
  author = {Ioffe, Sergey and Szegedy, Christian},
  title = {Batch normalization: Accelerating deep network training by reducing
  internal covariate shift},
  booktitle = ICML,
  year = {2015},
  booktitle = {arXiv:1502.03167}
}

@inproceedings{Jegou2012a,
  author = {J{\'e}gou, Herv{\'e} and Perronnin, Florent and Douze, Matthijs and
  Schmid, Cordelia and others},
  title = {Aggregating local image descriptors into compact codes},
  booktitle = TPAMI,
  year = {2012}
}

@INPROCEEDINGS{Jaderberg2014,
  author = {Jaderberg, Max and Vedaldi, Andrea and Zisserman, Andrew},
  title = {Speeding up Convolutional Neural Networks with Low Rank Expansions},
  booktitle = BMVC,
  year = {2014},
  booktitle = {arXiv:1405.3866}
}

@inproceedings{Jegou2011,
  author  = {Herve Jegou and Matthijs Douze and Cordelia Schmid},
  title   = {Product quantization for nearest neighbor search},
  booktitle = TPAMI,
  year    = {2011},
}

@InProceedings{Jegou2010,
  author    = {Herve Jegou and Matthijs Douze and Cordelia Schmid and Patrick Perez},
  title     = {Aggregating local descriptors into a compact image representation},
  booktitle = CVPR,
  year      = {2010},
}

@inproceedings{Jegou2012,
  author = {Jegou, H. and Perronnin, F. and Douze, M. and Sanchez, J. and Perez,
  P. and Schmid, C.},
  title = {Aggregating Local Image Descriptors into Compact Codes},
  booktitle = TPAMI,
  year = {2012}
}

@Misc{Jia2013,
  author       = {Yangqing Jia},
  howpublished = {\url{http://caffe.berkeleyvision.org/}},
  title        = {{Caffe}: An Open Source Convolutional Architecture for Fast Feature Embedding},
  year         = {2013},
}

@inproceedings{Jia2014,
  author = {Jia, Yangqing and Shelhamer, Evan and Donahue, Jeff and Karayev,
  Sergey and Long, Jonathan and Girshick, Ross and Guadarrama, Sergio
  and Darrell, Trevor},
  title = {Caffe: Convolutional Architecture for Fast Feature Embedding},
  booktitle = {arXiv:1408.5093},
  year = {2014}
}

@InProceedings{Kontschieder2015,
  author    = {P. Kontschieder and M. Fiterau and A. Criminisi and S. Rota Bul\`o},
  title     = {Deep Convolutional Neural Decision Forests},
  booktitle = ICCV,
  year      = {2015},
}

@inproceedings{Krizhevsky2014,
  author = {Krizhevsky, Alex},
  title = {One weird trick for parallelizing convolutional neural networks},
  booktitle = {arXiv:1404.5997},
  year = {2014}
}

@inproceedings{Krizhevsky2009,
  author = {Krizhevsky, Alex},
  title = {Learning multiple layers of features from tiny images},
  booktitle = {Tech Report},
  year = {2009}
}


@inproceedings{Laurent2015,
  author = {Laurent, C{\'e}sar and Pereyra, Gabriel and Brakel, Phil{\'e}mon
  and Zhang, Ying and Bengio, Yoshua},
  title = {Batch Normalized Recurrent Neural Networks},
  booktitle = {arXiv:1510.01378},
  year = {2015}
}

@INPROCEEDINGS{Lazebnik2006,
  author = {Lazebnik, Svetlana and Schmid, Cordelia and Ponce, Jean},
  title = {Beyond bags of features: Spatial pyramid matching for recognizing
  natural scene categories},
  booktitle = CVPR,
  year = {2006}
}

@inproceedings{LeCun1989,
  author = {LeCun, Yann and Boser, Bernhard and Denker, John S and Henderson,
  Donnie and Howard, Richard E and Hubbard, Wayne and Jackel, Lawrence
  D},
  title = {Backpropagation applied to handwritten zip code recognition},
  booktitle = {Neural computation},
  year = {1989},
  publisher = {MIT Press}
}

@InCollection{LeCun1998,
  author    = {LeCun, Yann and Bottou, Leon and Orr, Genevieve B and M{\"u}ller, Klaus-Robert},
  title     = {Efficient BackProp},
  booktitle = {Neural Networks: Tricks of the Trade},
  year      = {1998},
}

@InProceedings{Lee2015,
  author    = {Lee, Chen-Yu and Xie, Saining and Gallagher, Patrick and Zhang, Zhengyou and Tu, Zhuowen},
  title     = {Deeply-supervised nets},
  booktitle = AISTATS,
  year      = {2015},
  booktitle   = {arXiv:1409.5185},
}

@INPROCEEDINGS{Lin2014a,
  author = {Lin, Min and Chen, Qiang and Yan, Shuicheng},
  title = {Network In Network},
  booktitle = ICLR,
  year = {2014}
}

@InCollection{Lin2014,
  author    = {Lin, Tsung-Yi and Maire, Michael and Belongie, Serge and Hays, James and Perona, Pietro and Ramanan, Deva and Doll{\'a}r, Piotr and Zitnick, C Lawrence},
  title     = {{Microsoft COCO: Common objects in context}},
  booktitle = ECCV,
  year      = {2014},
}


@inproceedings{Lowe2004,
  author = {Lowe, David G.},
  title = {Distinctive image features from scale-invariant keypoints},
  booktitle = IJCV,
  year = {2004}
}

@INPROCEEDINGS{Maas2013,
  author = {Maas, Andrew L and Hannun, Awni Y and Ng, Andrew Y},
  title = {Rectifier nonlinearities improve neural network acoustic models},
  booktitle = ICML,
  year = {2013}
}

@INPROCEEDINGS{Mamalet2012,
  author = {Mamalet, Franck and Garcia, Christophe},
  title = {Simplifying convnets for fast learning},
  booktitle = {Artificial Neural Networks and Machine Learning - ICANN},
  year = {2012},
  pages = {58--65}
}

@inproceedings{Mathieu2013,
  author = {Mathieu, Michael and Henaff, Mikael and LeCun, Yann},
  title = {Fast Training of Convolutional Networks through FFTs},
  booktitle = {arXiv:1312.5851},
  year = {2013}
}

@inproceedings{Mathieu2013a,
  author = {Mathieu, Michael and Henaff, Mikael and LeCun, Yann},
  title = {Fast Training of Convolutional Networks through FFTs},
  booktitle = {arXiv:1312.5851},
  year = {2013}
}

@INPROCEEDINGS{Mishkin2016,
  author = {Mishkin, Dmytro and Matas, Jiri},
  title = {All you need is a good init},
  booktitle = ICLR,
  year = {2016}
}

@INPROCEEDINGS{Montufar2014,
  author = {Mont{\'u}far, Guido and Pascanu, Razvan and Cho, Kyunghyun and Bengio,
  Yoshua},
  title = {On the Number of Linear Regions of Deep Neural Networks},
  booktitle = NIPS,
  year = {2014},
  booktitle = {arXiv:1402.1869}
}

@INPROCEEDINGS{Nair2010,
  author = {Nair, Vinod and Hinton, Geoffrey E},
  title = {Rectified linear units improve restricted boltzmann machines},
  booktitle = ICML,
  year = {2010}
}

@INPROCEEDINGS{Oquab2014,
  author = {Oquab, Maxime and Bottou, L{\'e}on and Laptev, Ivan and Sivic, Josef
  and others},
  title = {Learning and Transferring Mid-Level Image Representations using Convolutional
  Neural Networks},
  booktitle = {CVPR},
  year = {2014}
}

@inproceedings{Pascanu2013,
  author = {Pascanu, Razvan and Gulcehre, Caglar and Cho, Kyunghyun and Bengio,
  Yoshua},
  title = {How to construct deep recurrent neural networks},
  booktitle = {arXiv:1312.6026},
  year = {2013}
}

@INPROCEEDINGS{Perronnin2007,
  author = {Florent Perronnin and Christopher Dance},
  title = {Fisher Kernels on Visual Vocabularies for Image Categorization},
  booktitle = CVPR,
  year = {2007}
}

@INCOLLECTION{Perronnin2010,
  author = {Perronnin, Florent and S{\'a}nchez, Jorge and Mensink, Thomas},
  title = {Improving the fisher kernel for large-scale image classification},
  booktitle = ECCV,
  year = {2010}
}

@INPROCEEDINGS{Raiko2012,
  author = {Raiko, Tapani and Valpola, Harri and LeCun, Yann},
  title = {Deep learning made easier by linear transformations in perceptrons},
  booktitle = {AISTATS},
  year = {2012}
}

@INPROCEEDINGS{Razavian2014,
  author = {A. S. Razavian and H. Azizpour and J. Sullivan and S. Carlsson},
  title = {CNN features off-the-shelf: An astounding baseline for recogniton},
  booktitle = {CVPR 2014, DeepVision Workshop},
  year = {2014}
}

@INPROCEEDINGS{Ren2015,
  author = {Ren, Shaoqing and He, Kaiming and Girshick, Ross and Sun, Jian},
  title = {{Faster R-CNN}: Towards Real-Time Object Detection with Region Proposal
  Networks},
  booktitle = NIPS,
  year = {2015},
}

@inproceedings{Ren2017b,
  author  = {Ren, Shaoqing and He, Kaiming and Girshick, Ross and Zhang, Xiangyu and Sun, Jian},
  title   = {Object Detection Networks on Convolutional Feature Maps},
  booktitle = TPAMI,
  year    = {2017},
}

@inproceedings{Riesenhuber1999,
  author = {Riesenhuber, Maximilian and Poggio, Tomaso},
  title = {Hierarchical models of object recognition in cortex},
  booktitle = {Nature neuroscience},
  year = {1999}
}

@BOOK{Ripley1996,
  title = {Pattern recognition and neural networks},
  publisher = {Cambridge university press},
  year = {1996},
  author = {Brian D. Ripley}
}

@inproceedings{Rumelhart1986,
  author  = {Rumelhart, David E and Hinton, Geoffrey E and Williams, Ronald J},
  title   = {Learning representations by back-propagating errors},
  booktitle = {Nature},
  year    = {1986},
}

@inproceedings{Russakovsky2015,
  author = {Olga Russakovsky and Jia Deng and Hao Su and Jonathan Krause and
  Sanjeev Satheesh and Sean Ma and Zhiheng Huang and Andrej Karpathy
  and Aditya Khosla and Michael Bernstein and Alexander C. Berg and
  Li Fei-Fei},
  title = {{ImageNet Large Scale Visual Recognition Challenge}},
  booktitle = IJCV,
  year = {2015}
}

@INPROCEEDINGS{Sande2011,
  author = {van de Sande, Koen EA and Uijlings, Jasper RR and Gevers, Theo and
  Smeulders, Arnold WM},
  title = {Segmentation as selective search for object recognition},
  booktitle = ICCV,
  year = {2011}
}

@inproceedings{Saxe2013,
  author = {Saxe, Andrew M and McClelland, James L and Ganguli, Surya},
  title = {Exact solutions to the nonlinear dynamics of learning in deep linear
  neural networks},
  booktitle = {arXiv:1312.6120},
  year = {2013}
}

@inproceedings{Schmidhuber2015,
  author = {Schmidhuber, J{\"u}rgen},
  title = {Deep learning in neural networks: An overview},
  booktitle = {Neural Networks},
  year = {2015},
  volume = {61},
  pages = {85--117},
  publisher = {Elsevier}
}

@INCOLLECTION{Schraudolph1998,
  author = {Schraudolph, Nicol N},
  title = {Centering neural network gradient factors},
  booktitle = {Neural Networks: Tricks of the Trade},
  publisher = {Springer},
  year = {1998},
  pages = {207--226}
}

@TECHREPORT{Schraudolph1998a,
  author = {Schraudolph, Nicol N},
  title = {Accelerated gradient descent by factor-centering decomposition},
  year = {1998}
}

@INPROCEEDINGS{Schuler2013,
  author = {Schuler, Christian J and Burger, Harold Christopher and Harmeling,
  Stefan and Scholkopf, Bernhard},
  title = {A machine learning approach for non-blind image deconvolution},
  booktitle = {CVPR},
  year = {2013},
  pages = {1067--1074}
}

@INPROCEEDINGS{Sermanet2012,
  author = {Sermanet, Pierre and Chintala, Sandhya and LeCun, Yann},
  title = {Convolutional neural networks applied to house numbers digit classification},
  booktitle = {ICPR},
  year = {2012},
  pages = {3288--3291},
  organization = {IEEE}
}

@InProceedings{Sermanet2014,
  author    = {Sermanet, Pierre and Eigen, David and Zhang, Xiang and Mathieu, Michael and Fergus, Rob and LeCun, Yann},
  title     = {OverFeat: Integrated Recognition, Localization and Detection using Convolutional Networks},
  booktitle = ICLR,
  year      = {2014},
}

@INPROCEEDINGS{Sermanet2013,
  author = {Sermanet, Pierre and Kavukcuoglu, Koray and Chintala, Sandhya and
  LeCun, Yann},
  title = {Pedestrian detection with unsupervised multi-stage feature learning},
  booktitle = CVPR,
  year = {2013}
}

@INPROCEEDINGS{Sermanet2011,
  author = {Sermanet, Pierre and LeCun, Yann},
  title = {Traffic sign recognition with multi-scale convolutional networks},
  booktitle = {IJCNN},
  year = {2011},
  pages = {2809--2813},
  organization = {IEEE}
}

@INPROCEEDINGS{Simonyan2013,
  author = {Simonyan, Karen and Vedaldi, Andrea and Zisserman, Andrew},
  title = {Deep fisher networks for large-scale image classification},
  booktitle = NIPS,
  year = {2013}
}


@InProceedings{Sivic2003,
  author    = {Josef Sivic and Andrew Zisserman},
  title     = {{Video Google}: a text retrieval approach to object matching in videos},
  booktitle = ICCV,
  year      = {2003},
}

@inproceedings{Srivastava2014,
  author = {Srivastava, Nitish and Hinton, Geoffrey and Krizhevsky, Alex and
  Sutskever, Ilya and Salakhutdinov, Ruslan},
  title = {Dropout: A simple way to prevent neural networks from overfitting},
  booktitle = {The booktitle of Machine Learning Research},
  year = {2014},
  pages = {1929--1958}
}

@INPROCEEDINGS{Srivastava2015,
  author = {Rupesh Kumar Srivastava and Klaus Greff and J{\"{u}}rgen Schmidhuber},
  title = {Highway Networks},
  booktitle = {ICML workshop},
  year = {2015},
  booktitle = {arXiv:1505.00387}
}

@INPROCEEDINGS{Srivastava2015a,
  author = {Rupesh Kumar Srivastava and Klaus Greff and J{\"{u}}rgen Schmidhuber},
  title = {Training Very Deep Networks},
  booktitle = {NIPS},
  year = {2015},
  booktitle = {arXiv:1507.06228}
}

@INPROCEEDINGS{Srivastava2013,
  author = {Srivastava, Rupesh K and Masci, Jonathan and Kazerounian, Sohrob
  and Gomez, Faustino and Schmidhuber, J{\"u}rgen},
  title = {Compete to compute},
  booktitle = NIPS,
  year = {2013},
  pages = {2310--2318}
}

@INPROCEEDINGS{Sun2014,
  author = {Sun, Yi and Chen, Yuheng and Wang, Xiaogang and Tang, Xiaoou},
  title = {Deep learning face representation by joint identification-verification},
  booktitle = NIPS,
  year = {2014}
}

@InProceedings{Szegedy2016,
  author    = {Szegedy, Christian and Ioffe, Sergey and Vanhoucke, Vincent},
  title     = {Inception-v4, Inception-ResNet and the Impact of Residual Connections on Learning},
  booktitle = {ICLR Workshop},
  year      = {2016},
  booktitle   = {arXiv:1602.07261},
}

@INPROCEEDINGS{Szegedy2015,
  author = {Szegedy, Christian and Liu, Wei and Jia, Yangqing and Sermanet, Pierre
  and Reed, Scott and Anguelov, Dragomir and Erhan, Dumitru and Vanhoucke,
  Vincent and Rabinovich, Andrew},
  title = {Going deeper with convolutions},
  booktitle = CVPR,
  year = {2015},
  booktitle = {arXiv:1409.4842}
}

@INPROCEEDINGS{Szegedy2013,
  author = {Szegedy, Christian and Toshev, Alexander and Erhan, Dumitru},
  title = {Deep Neural Networks for Object Detection},
  booktitle = NIPS,
  year = {2013}
}

@INPROCEEDINGS{Szegedy2016a,
  author = {Szegedy, Christian and Vanhoucke, Vincent and Ioffe, Sergey and Shlens,
  Jonathon and Wojna, Zbigniew},
  title = {Rethinking the Inception Architecture for Computer Vision},
  booktitle = CVPR,
  year = {2016}
}


@inproceedings{Szeliski1990,
  author = {Szeliski, Richard},
  title = {Fast surface interpolation using hierarchical basis functions},
  booktitle = TPAMI,
  year = {1990}
}

@InProceedings{Taigman2014,
  author    = {Yaniv Taigman and Ming Yang and MarcAurelio Ranzato and Lior Wolf},
  title     = {{DeepFace}: Closing the Gap to Human-Level Performance in Face Verification},
  booktitle = CVPR,
  year      = {2014},
}

@INPROCEEDINGS{Vanhoucke2011,
  author = {Vincent Vanhoucke and Andrew Senior and Mark Z. Mao},
  title = {Improving the speed of neural networks on {CPUs}},
  booktitle = {Deep Learning and Unsupervised Feature Learning Workshop, NIPS 2011},
  year = {2011}
}

@INPROCEEDINGS{Vatanen2013,
  author = {Vatanen, Tommi and Raiko, Tapani and Valpola, Harri and LeCun, Yann},
  title = {Pushing stochastic gradient towards second-order methods--backpropagation
  learning with transformations in nonlinearities},
  booktitle = {Neural Information Processing},
  year = {2013}
}

@MISC{Vedaldi2008,
  author = {A. Vedaldi and B. Fulkerson},
  title = {{VLFeat}: An Open and Portable Library of Computer Vision Algorithms},
  year = {2008}
}

@inproceedings{Venables1999,
  author = {Venables, WN and Ripley, BD},
  title = {Modern Applied Statistics with S-Plus},
  year = {1999}
}

@INPROCEEDINGS{Wan2013,
  author = {Wan, Li and Zeiler, Matthew and Zhang, Sixin and Cun, Yann L and
  Fergus, Rob},
  title = {Regularization of neural networks using dropconnect},
  booktitle = ICML,
  year = {2013}
}

@INPROCEEDINGS{Wang2010,
  author = {Wang, Jinjun and Yang, Jianchao and Yu, Kai and Lv, Fengjun and Huang,
  Thomas and Gong, Yihong},
  title = {Locality-constrained linear coding for image classification},
  booktitle = CVPR,
  year = {2010}
}

@INPROCEEDINGS{Wang2013,
  author = {Wang, Xiaoyu and Yang, Ming and Zhu, Shenghuo and Lin, Yuanqing},
  title = {Regionlets for Generic Object Detection},
  booktitle = ICCV,
  year = {2013}
}

@InProceedings{Wiesler2014,
  author    = {Wiesler, Simon and Richard, Alexander and Schluter, Ralf and Ney, Hermann},
  title     = {Mean-normalized stochastic gradient for large-scale deep learning},
  booktitle = ICASSP,
  year      = {2014},
}

@inproceedings{Wu2015,
  author = {Wu, Ren and Yan, Shengen and Shan, Yi and Dang, Qingqing and Sun,
  Gang},
  title = {Deep Image: Scaling up Image Recognition},
  booktitle = {arXiv:1501.02876},
  year = {2015}
}

@inproceedings{Yadan2013,
  author = {Yadan, Omry and Adams, Keith and Taigman, Yaniv and Ranzato, MarcÂ’Aurelio},
  title = {Multi-GPU Training of ConvNets},
  booktitle = {arXiv:1312.5853},
  year = {2013}
}

@INPROCEEDINGS{Yang2009a,
  author = {Yang, Jingjing and Li, Yuanning and Tian, Yonghong and Duan, Lingyu
  and Gao, Wen},
  title = {Group-sensitive multiple kernel learning for object categorization},
  booktitle = ICCV,
  year = {2009}
}

@INPROCEEDINGS{Yang2009,
  author = {Yang, Jianchao and Yu, Kai and Gong, Yihong and Huang, Thomas},
  title = {Linear spatial pyramid matching using sparse coding for image classification},
  booktitle = CVPR,
  year = {2009}
}

@INPROCEEDINGS{Zeiler2014,
  author = {Zeiler, Matthew D and Fergus, Rob},
  title = {Visualizing and Understanding Convolutional Neural Networks},
  booktitle = ECCV,
  year = {2014}
}

@INPROCEEDINGS{Zeiler2013,
  author = {Zeiler, Matthew D and Ranzato, M and Monga, Rajat and Mao, M and
  Yang, K and Le, Quoc Viet and Nguyen, Patrick and Senior, A and Vanhoucke,
  Vincent and Dean, Jeffrey and G. E. Hinton},
  title = {On rectified linear units for speech processing},
  booktitle = {ICASSP},
  year = {2013}
}

@INPROCEEDINGS{Zhang2014,
  author = {Ning Zhang and Manohar Paluri and MarcAurelio Ranzato and Trevor
  Darrell and Lubomir Bourdevr},
  title = {PANDA: Pose Aligned Networks for Deep Attribute Modeling},
  booktitle = CVPR,
  year = {2014}
}

@inproceedings{Zou2014,
  author = {Will Y. Zou and Xiaoyu Wang and Miao Sun and Yuanqing Lin},
  title = {Generic Object Detection With Dense Neural Patterns and Regionlets},
  booktitle = {arXiv:1404.4316},
  year = {2014}
}

@Misc{evist,
  title        = {{ImageNet Large Scale Visual Recognition Challenge (ILSVRC) 2014}},
  howpublished = {\url{http://image-net.org/challenges/LSVRC/2014/results}},
}

@inproceedings{Springenberg2014,
  author  = {Springenberg, Jost Tobias and Dosovitskiy, Alexey and Brox, Thomas and Riedmiller, Martin},
  title   = {Striving for simplicity: The all convolutional net},
  booktitle = {arXiv:1412.6806},
  year    = {2014},
}

@inproceedings{Graham2014,
  author  = {Graham, Benjamin},
  title   = {Fractional max-pooling},
  booktitle = {arXiv:1412.6071},
  year    = {2014},
}

@InProceedings{Xiong2016,
  author    = {Xiong, W and Droppo, J and Huang, X and Seide, F and Seltzer, M and Stolcke, A and Yu, D and Zweig, G},
  title     = {{The Microsoft 2016 Conversational Speech Recognition System}},
  booktitle = ICASSP,
  year      = {2017},
}

@inproceedings{Oord2016,
  author  = {Oord, {Aaron van den} and Dieleman, Sander and Zen, Heiga and Simonyan, Karen and Vinyals, Oriol and Graves, Alex and Kalchbrenner, Nal and Senior, Andrew and Kavukcuoglu, Koray},
  title   = {WaveNet: A generative model for raw audio},
  booktitle = {arXiv:1609.03499},
  year    = {2016},
}

@inproceedings{Conneau2016,
  author  = {Conneau, Alexis and Schwenk, Holger and Barrault, Lo{\"\i}c and Lecun, Yann},
  title   = {Very Deep Convolutional Networks for Natural Language Processing},
  booktitle = {arXiv:1606.01781},
  year    = {2016},
}

@inproceedings{Wu2016,
  author  = {Wu, Yonghui and Schuster, Mike and Chen, Zhifeng and Le, Quoc V and Norouzi, Mohammad and Macherey, Wolfgang and Krikun, Maxim and Cao, Yuan and Gao, Qin and Macherey, Klaus and others},
  title   = {Google's Neural Machine Translation System: Bridging the Gap between Human and Machine Translation},
  booktitle = {arXiv:1609.08144},
  year    = {2016},
}

@InProceedings{He2016a,
  author    = {He, Kaiming and Zhang, Xiangyu and Ren, Shaoqing and Sun, Jian},
  title     = {Identity mappings in deep residual networks},
  booktitle = ECCV,
  year      = {2016},
}

@InProceedings{Pinheiro2015,
  author    = {Pinheiro, Pedro O and Collobert, Ronan and Doll{\'a}r, Piotr},
  title     = {Learning to segment object candidates},
  booktitle = {NIPS},
  year      = {2015},
  booktitle   = {arXiv:1506.06204},
}

@InProceedings{Ge2013,
  author    = {Ge, Tiezheng and He, Kaiming and Ke, Qifa and Sun, Jian},
  title     = {Optimized product quantization for approximate nearest neighbor search},
  booktitle = CVPR,
  year      = {2013},
}

@InProceedings{Norouzi2013,
  author    = {Norouzi, Mohammad and Fleet, David J},
  title     = {Cartesian k-means},
  booktitle = CVPR,
  year      = {2013},
}

@Misc{Gross2016,
  author       = {Sam Gross and Michael Wilber},
  title        = {{Training and investigating Residual Nets}},
  howpublished = {\url{https://github.com/facebook/fb.resnet.torch}},
  year         = {2016},
}

@inproceedings{Chollet2016,
  author  = {Chollet, Fran{\c{c}}ois},
  title   = {Deep Learning with Separable Convolutions},
  booktitle = {arXiv:1610.02357},
  year    = {2016},
}

@inproceedings{Abdi2016,
  author  = {Abdi, Masoud and Nahavandi, Saeid},
  title   = {Multi-Residual Networks},
  booktitle = {arXiv:1609.05672},
  year    = {2016},
}

@TechReport{Collobert2002,
  author      = {Collobert, Ronan and Bengio, Samy and Mari{\'e}thoz, Johnny},
  title       = {Torch: a modular machine learning software library},
  institution = {Idiap},
  year        = {2002},
}

@inproceedings{Ioannou2016,
  author  = {Ioannou, Yani and Robertson, Duncan and Cipolla, Roberto and Criminisi, Antonio},
  title   = {Deep Roots: Improving CNN Efficiency with Hierarchical Filter Groups},
  booktitle = {arXiv:1605.06489},
  year    = {2016},
}

@InProceedings{Kim2016,
  author    = {Kim, Yong-Deok and Park, Eunhyeok and Yoo, Sungjoo and Choi, Taelim and Yang, Lu and Shin, Dongjun},
  title     = {Compression of deep convolutional neural networks for fast and low power mobile applications},
  booktitle = ICLR,
  year      = {2016},
  booktitle   = {arXiv:1511.06530},
}

@inproceedings{Sifre2014,
  author  = {Sifre, Laurent and Mallat, St{\'e}phane},
  title   = {Rigid-motion scattering for texture classification},
  booktitle = {arXiv:1403.1687},
  year    = {2014},
}

@InProceedings{Zagoruyko2016,
  author    = {Zagoruyko, Sergey and Lerer, Adam and Lin, Tsung-Yi and Pinheiro, Pedro O and Gross, Sam and Chintala, Soumith and Doll{\'a}r, Piotr},
  title     = {A MultiPath Network for Object Detection},
  booktitle = {BMVC},
  year      = {2016},
}

@InProceedings{Veit2016,
  author    = {Veit, Andreas and Wilber, Michael and Belongie, Serge},
  title     = {Residual Networks Behave Like Ensembles of Relatively Shallow Network},
  booktitle = NIPS,
  year      = {2016},
  booktitle   = {arXiv:1605.06431},
}

@InProceedings{Bell2016,
  author    = {Sean Bell and C. Lawrence Zitnick and Kavita Bala and Ross Girshick},
  title     = {Inside-Outside Net: Detecting Objects in Context with Skip Pooling and Recurrent Neural Networks},
  booktitle = CVPR,
  year      = {2016},
  booktitle   = {arXiv:1512.04143},
}

@InProceedings{Indyk1998,
  author    = {Indyk, Piotr and Motwani, Rajeev},
  title     = {Approximate nearest neighbors: towards removing the curse of dimensionality},
  booktitle = {Proceedings of the thirtieth annual ACM symposium on Theory of computing},
  year      = {1998},
}

@InBook{Conway1996,
  chapter   = {Cardinal Number},
  pages     = {277-282},
  title     = {The book of numbers},
  publisher = {New York: Springer-Verlag},
  year      = {1996},
  author    = {Conway, John H and Guy, Richard},
}

@InProceedings{Zagoruyko2016a,
  author    = {Zagoruyko, Sergey and Komodakis, Nikos},
  title     = {Wide Residual Networks},
  booktitle = BMVC,
  year      = {2016},
}

@inproceedings{Kalchbrenner2016,
  author  = {Kalchbrenner, Nal and Espeholt, Lasse and Simonyan, Karen and Oord, Aaron van den and Graves, Alex and Kavukcuoglu, Koray},
  title   = {Neural Machine Translation in Linear Time},
  booktitle = {arXiv:1610.10099},
  year    = {2016},
}

@inproceedings{Eigen2013a,
  author  = {Eigen, David and Rolfe, Jason and Fergus, Rob and LeCun, Yann},
  title   = {Understanding deep architectures using a recursive convolutional network},
  booktitle = {arXiv:1312.1847},
  year    = {2013},
}

@Book{Cantor1884,
  title  = {{\"U}ber unendliche, lineare Punktmannichfaltigkeiten, Arbeiten zur Mengenlehre aus den Jahren, 1872-1884},
  year   = {1884},
  author = {Cantor, Georg},
}

@inproceedings{Kay2017,
  author  = {Kay, Will and Carreira, Joao and Simonyan, Karen and Zhang, Brian and Hillier, Chloe and Vijayanarasimhan, Sudheendra and Viola, Fabio and Green, Tim and Back, Trevor and Natsev, Paul and others},
  title   = {The {Kinetics} Human Action Video Dataset},
  booktitle = {arXiv:1705.06950},
  year    = {2017},
}

@InProceedings{Sigurdsson2016,
  author    = {Gunnar A. Sigurdsson and G{\"u}l Varol and Xiaolong Wang and Ali Farhadi and Ivan Laptev and Abhinav Gupta},
  title     = {Hollywood in Homes: Crowdsourcing Data Collection for Activity Understanding},
  booktitle = ECCV,
  year      = {2016},
}

@InProceedings{Carreira2017,
  author    = {Joao Carreira and Andrew Zisserman},
  title     = {Quo Vadis, Action Recognition? A New Model and the Kinetics Dataset},
  booktitle = CVPR,
  year      = {2017},
}

@inproceedings{Bian2017,
  author  = {Bian, Yunlong and Gan, Chuang and Liu, Xiao and Li, Fu and Long, Xiang and Li, Yandong and Qi, Heng and Zhou, Jie and Wen, Shilei and Lin, Yuanqing},
  title   = {Revisiting the Effectiveness of Off-the-shelf Temporal Modeling Approaches for Large-scale Video Classification},
  booktitle = {arXiv:1708.03805},
  year    = {2017},
}

@InProceedings{Sigurdsson2017,
  author    = {Gunnar A. Sigurdsson and Santosh Divvala and Ali Farhadi and Abhinav Gupta},
  title     = {Asynchronous Temporal Fields for Action Recognition},
  booktitle = CVPR,
  year      = {2017},
}

@InCollection{Fukushima1982,
  author    = {Fukushima, Kunihiko and Miyake, Sei},
  title     = {Neocognitron: A self-organizing neural network model for a mechanism of visual pattern recognition},
  booktitle = {Competition and cooperation in neural nets},
  publisher = {Springer},
  year      = {1982},
}

@InProceedings{Gehring2017,
  author    = {Gehring, Jonas and Auli, Michael and Grangier, David and Yarats, Denis and Dauphin, Yann N},
  title     = {Convolutional Sequence to Sequence Learning},
  booktitle = ICML,
  year      = {2017},
}

@InProceedings{Buades2005,
  author    = {Buades, Antoni and Coll, Bartomeu and Morel, J-M},
  title     = {A non-local algorithm for image denoising},
  booktitle = CVPR,
  year      = {2005},
}

@InProceedings{Tran2015,
  author    = {Tran, Du and Bourdev, Lubomir and Fergus, Rob and Torresani, Lorenzo and Paluri, Manohar},
  title     = {Learning spatiotemporal features with {3D} convolutional networks},
  booktitle = ICCV,
  year      = {2015},
}

@InProceedings{He2017,
  author    = {He, Kaiming and Gkioxari, Georgia and Doll{\'a}r, Piotr and Girshick, Ross},
  title     = {{Mask R-CNN}},
  booktitle = ICCV,
  year      = {2017},
}


@InProceedings{Vaswani2017,
  author    = {Vaswani, Ashish and Shazeer, Noam and Parmar, Niki and Uszkoreit, Jakob and Jones, Llion and Gomez, Aidan N and Kaiser, Lukasz and Polosukhin, Illia},
  title     = {Attention Is All You Need},
  booktitle = NIPS,
  year      = {2017},
  booktitle   = {arXiv:1706.03762},
}

@InProceedings{Santoro2017,
  author    = {Santoro, Adam and Raposo, David and Barrett, David GT and Malinowski, Mateusz and Pascanu, Razvan and Battaglia, Peter and Lillicrap, Timothy},
  title     = {A simple neural network module for relational reasoning},
  booktitle = NIPS,
  year      = {2017},
  booktitle   = {arXiv:1706.01427},
}

@inproceedings{Goyal2017,
  author  = {Goyal, Priya and Doll{\'a}r, Piotr and Girshick, Ross and Noordhuis, Pieter and Wesolowski, Lukasz and Kyrola, Aapo and Tulloch, Andrew and Jia, Yangqing and He, Kaiming},
  title   = {Accurate, Large Minibatch {SGD}: Training {ImageNet} in 1 Hour},
  booktitle = {arXiv:1706.02677},
  year    = {2017},
}


@InProceedings{Glasner2009,
  author    = {Glasner, Daniel and Bagon, Shai and Irani, Michal},
  title     = {Super-resolution from a single image},
  booktitle = CVPR,
  year      = {2009},
}

@InProceedings{Efros1999,
  author    = {Efros, Alexei A and Leung, Thomas K},
  title     = {Texture synthesis by non-parametric sampling},
  booktitle = ICCV,
  year      = {1999},
}


@InProceedings{Lafferty2001,
  author    = {Lafferty, John and McCallum, Andrew and Pereira, Fernando CN},
  title     = {Conditional random fields: Probabilistic models for segmenting and labeling sequence data},
  booktitle = ICML,
  year      = {2001},
}

@InProceedings{Zheng2015,
  author    = {Zheng, Shuai and Jayasumana, Sadeep and Romera-Paredes, Bernardino and Vineet, Vibhav and Su, Zhizhong and Du, Dalong and Huang, Chang and Torr, Philip HS},
  title     = {Conditional random fields as recurrent neural networks},
  booktitle = ICCV,
  year      = {2015},
}

@inproceedings{Chen2014,
  author  = {Chen, Liang-Chieh and Papandreou, George and Kokkinos, Iasonas and Murphy, Kevin and Yuille, Alan L},
  title   = {Semantic Image Segmentation with Deep Convolutional Nets and Fully Connected {CRFs}},
  booktitle = {arXiv:1412.7062},
  year    = {2014},
}

@InProceedings{Lin2017,
  author    = {Lin, Tsung-Yi and Doll{\'a}r, Piotr and Girshick, Ross and He, Kaiming and Hariharan, Bharath and Belongie, Serge},
  title     = {Feature Pyramid Networks for Object Detection},
  booktitle = CVPR,
  year      = {2017},
}

@InProceedings{Xie2017,
  author    = {Xie, Saining and Girshick, Ross and Doll{\'a}r, Piotr and Tu, Zhuowen and He, Kaiming},
  title     = {Aggregated residual transformations for deep neural networks},
  booktitle = CVPR,
  year      = {2017},
}


@InProceedings{Yue-HeiNg2015,
  author    = {Yue-Hei Ng, Joe and Hausknecht, Matthew and Vijayanarasimhan, Sudheendra and Vinyals, Oriol and Monga, Rajat and Toderici, George},
  title     = {Beyond short snippets: Deep networks for video classification},
  booktitle = CVPR,
  year      = {2015},
}

@InProceedings{Donahue2015,
  author    = {Donahue, Jeffrey and Anne Hendricks, Lisa and Guadarrama, Sergio and Rohrbach, Marcus and Venugopalan, Subhashini and Saenko, Kate and Darrell, Trevor},
  title     = {Long-term recurrent convolutional networks for visual recognition and description},
  booktitle = CVPR,
  year      = {2015},
}

@InProceedings{Ji2010,
  author    = {Ji, Shuiwang and Xu, Wei and Yang, Ming and Yu, Kai},
  title     = {3D convolutional neural networks for human action recognition},
  booktitle = ICML,
  year      = {2010},
}

@InProceedings{Feichtenhofer2016,
  author    = {Feichtenhofer, Christoph and Pinz, Axel and Wildes, Richard},
  title     = {Spatiotemporal residual networks for video action recognition},
  booktitle = NIPS,
  year      = {2016},
}

@InProceedings{Simonyan2014,
  author    = {Simonyan, Karen and Zisserman, Andrew},
  title     = {Two-stream convolutional networks for action recognition in videos},
  booktitle = NIPS,
  year      = {2014},
}

@InProceedings{Wang2013a,
  author    = {Wang, Heng and Schmid, Cordelia},
  title     = {Action recognition with improved trajectories},
  booktitle = ICCV,
  year      = {2013},
}

@InProceedings{Wang2015,
  author    = {Wang, Limin and Qiao, Yu and Tang, Xiaoou},
  title     = {Action recognition with trajectory-pooled deep-convolutional descriptors},
  booktitle = CVPR,
  year      = {2015},
}

@InProceedings{Kraehenbuehl2011,
  author    = {Kr{\"a}henb{\"u}hl, Philipp and Koltun, Vladlen},
  title     = {Efficient inference in fully connected crfs with gaussian edge potentials},
  booktitle = NIPS,
  year      = {2011},
}

@InProceedings{Tomasi1998,
  author    = {Tomasi, Carlo and Manduchi, Roberto},
  title     = {Bilateral filtering for gray and color images},
  booktitle = ICCV,
  year      = {1998},
}

@InProceedings{Chandra2017,
  author    = {Siddhartha Chandra and Nicolas Usunier and Iasonas Kokkinos},
  title     = {Dense and Low-Rank {Gaussian CRFs} using Deep Embeddings},
  booktitle = ICCV,
  year      = {2017},
}

@InProceedings{Harley2017,
  author    = {Adam Harley and Konstantinos Derpanis and Iasonas Kokkinos},
  title     = {Segmentation-Aware Convolutional Networks Using Local Attention Masks},
  booktitle = ICCV,
  year      = {2017},
}

@InProceedings{Liu2017,
  author    = {Liu, Sifei and De Mello, Shalini and Gu, Jinwei and Zhong, Guangyu and Yang, Ming-Hsuan and Kautz, Jan},
  title     = {Learning Affinity via Spatial Propagation Networks},
  booktitle = NIPS,
  year      = {2017},
}

@inproceedings{Schwing2015,
  author  = {Schwing, Alexander G and Urtasun, Raquel},
  title   = {Fully connected deep structured networks},
  booktitle = {arXiv:1503.02351},
  year    = {2015},
}

@inproceedings{Scarselli2009,
  author  = {Scarselli, Franco and Gori, Marco and Tsoi, Ah Chung and Hagenbuchner, Markus and Monfardini, Gabriele},
  title   = {The graph neural network model},
  booktitle = {IEEE Transactions on Neural Networks},
  year    = {2009},
}

@InProceedings{Hoshen2017,
  author    = {Hoshen, Yedid},
  title     = {Multi-agent Predictive Modeling with Attentional CommNets},
  booktitle = NIPS,
  year      = {2017},
}

@InProceedings{Watters2017,
  author    = {Watters, Nicholas and Tacchetti, Andrea and Weber, Theophane and Pascanu, Razvan and Battaglia, Peter and Zoran, Daniel},
  title     = {Visual Interaction Networks},
  booktitle = NIPS,
  year      = {2017},
}

@InProceedings{Battaglia2016,
  author    = {Battaglia, Peter and Pascanu, Razvan and Lai, Matthew and Rezende, Danilo Jimenez and others},
  title     = {Interaction networks for learning about objects, relations and physics},
  booktitle = NIPS,
  year      = {2016},
}

@inproceedings{Burger2012a,
  author  = {Burger, Harold Christopher and Schuler, Christian J and Harmeling, Stefan},
  title   = {Image denoising with multi-layer perceptrons, part 2: training trade-offs and analysis of their mechanisms},
  booktitle = {arXiv:1211.1552},
  year    = {2012},
}

@InProceedings{Lefkimmiatis2016,
  author    = {Lefkimmiatis, Stamatios},
  title     = {Non-local color image denoising with convolutional neural networks},
  booktitle = CVPR,
  year      = {2017},
}

@inproceedings{Silver2017,
  author  = {Silver, David and Schrittwieser, Julian and Simonyan, Karen and Antonoglou, Ioannis and Huang, Aja and Guez, Arthur and Hubert, Thomas and Baker, Lucas and Lai, Matthew and Bolton, Adrian and Chen, Yutian and Lillicrap, Timothy and Hui, Fan and Sifre, Laurent and van den Driessche, George and Graepel, Thore and Hassabis, Demis},
  title   = {Mastering the game of go without human knowledge},
  booktitle = {Nature},
  year    = {2017},
}


@inproceedings{Ba2016,
  author  = {Ba, Jimmy Lei and Kiros, Jamie Ryan and Hinton, Geoffrey E},
  title   = {Layer normalization},
  booktitle = {arXiv:1607.06450},
  year    = {2016},
}

@inproceedings{Ulyanov2016,
  author  = {Ulyanov, Dmitry and Vedaldi, Andrea and Lempitsky, Victor},
  title   = {Instance Normalization: The Missing Ingredient for Fast Stylization},
  booktitle = {arXiv:1607.08022},
  year    = {2016},
}

@InProceedings{Goodfellow2014,
  author    = {Goodfellow, Ian and Pouget-Abadie, Jean and Mirza, Mehdi and Xu, Bing and Warde-Farley, David and Ozair, Sherjil and Courville, Aaron and Bengio, Yoshua},
  title     = {Generative adversarial nets},
  booktitle = NIPS,
  year      = {2014},
}

@InProceedings{Isola2017,
  author    = {Isola, Phillip and Zhu, Jun-Yan and Zhou, Tinghui and Efros, Alexei A},
  title     = {Image-To-Image Translation With Conditional Adversarial Networks},
  booktitle = CVPR,
  year      = {2017},
}

@InProceedings{Jarrett2009,
  author    = {Jarrett, Kevin and Kavukcuoglu, Koray and LeCun, Yann and others},
  title     = {What is the best multi-stage architecture for object recognition?},
  booktitle = ICCV,
  year      = {2009},
}

@InProceedings{Salimans2016,
  author    = {Salimans, Tim and Kingma, Diederik P},
  title     = {Weight normalization: A simple reparameterization to accelerate training of deep neural networks},
  booktitle = NIPS,
  year      = {2016},
}

@inproceedings{Howard2017,
  author  = {Howard, Andrew G and Zhu, Menglong and Chen, Bo and Kalenichenko, Dmitry and Wang, Weijun and Weyand, Tobias and Andreetto, Marco and Adam, Hartwig},
  title   = {{MobileNets}: Efficient convolutional neural networks for mobile vision applications},
  booktitle = {arXiv:1704.04861},
  year    = {2017},
}

@InProceedings{Chollet2017,
  author    = {Chollet, Fran{\c{c}}ois},
  title     = {Xception: Deep learning with depthwise separable convolutions},
  booktitle = CVPR,
  year      = {2017},
}

@InProceedings{Zhang2018,
  author    = {Zhang, Xiangyu and Zhou, Xinyu and Lin, Mengxiao and Sun, Jian},
  title     = {{ShuffleNet}: An extremely efficient convolutional neural network for mobile devices},
  booktitle = CVPR,
  year      = {2018},
}

@InProceedings{Dieleman2016,
  author    = {Dieleman, Sander and De Fauw, Jeffrey and Kavukcuoglu, Koray},
  title     = {Exploiting cyclic symmetry in convolutional neural networks},
  booktitle = ICML,
  year      = {2016},
}

@InProceedings{Cohen2016,
  author    = {Cohen, Taco and Welling, Max},
  title     = {Group equivariant convolutional networks},
  booktitle = ICML,
  year      = {2016},
}

@inproceedings{Paszke2017,
  author = {Paszke, Adam and Gross, Sam and Chintala, Soumith and Chanan, Gregory and Yang, Edward and DeVito, Zachary and Lin, Zeming and Desmaison, Alban and Antiga, Luca and Lerer, Adam},
  title  = {Automatic differentiation in PyTorch},
  year   = {2017},
}

@InProceedings{Abadi2016,
  author    = {Abadi, Mart{\'\i}n and Barham, Paul and Chen, Jianmin and Chen, Zhifeng and Davis, Andy and Dean, Jeffrey and Devin, Matthieu and Ghemawat, Sanjay and Irving, Geoffrey and Isard, Michael and others},
  title     = {TensorFlow: A System for Large-Scale Machine Learning.},
  booktitle = {Operating Systems Design and Implementation (OSDI)},
  year      = {2016},
}


@InProceedings{Ioffe2017,
  author    = {Ioffe, Sergey},
  title     = {Batch renormalization: Towards reducing minibatch dependence in batch-normalized models},
  booktitle = NIPS,
  year      = {2017},
}

@InProceedings{Peng2018,
  author    = {Peng, Chao and Xiao, Tete and Li, Zeming and Jiang, Yuning and Zhang, Xiangyu and Jia, Kai and Yu, Gang and Sun, Jian},
  title     = {{MegDet}: A Large Mini-Batch Object Detector},
  booktitle = CVPR,
  year      = {2018},
}

@InProceedings{Dean2012,
  author    = {Dean, Jeffrey and Corrado, Greg and Monga, Rajat and Chen, Kai and Devin, Matthieu and Mao, Mark and Senior, Andrew and Tucker, Paul and Yang, Ke and Le, Quoc V and others},
  title     = {Large scale distributed deep networks},
  booktitle = NIPS,
  year      = {2012},
}

@inproceedings{Oliva2001,
  author  = {Oliva, Aude and Torralba, Antonio},
  title   = {Modeling the shape of the scene: A holistic representation of the spatial envelope},
  booktitle = IJCV,
  year    = {2001},
}

@Misc{Caffe2,
  author       = {{Team~Caffe2}},
  title        = {Caffe2},
  howpublished = {\url{https://github.com/caffe2/caffe2}},
  year         = {2017},
}

@inproceedings{Bottou2016,
  author  = {Bottou, L{\'e}on and Curtis, Frank E and Nocedal, Jorge},
  title   = {Optimization methods for large-scale machine learning},
  booktitle = {arXiv:1606.04838},
  year    = {2016},
}

@inproceedings{mmdetection,
  title   = {{MMDetection}: Open MMLab Detection Toolbox and Benchmark},
  author  = {Chen, Kai and Wang, Jiaqi and Pang, Jiangmiao and Cao, Yuhang and
             Xiong, Yu and Li, Xiaoxiao and Sun, Shuyang and Feng, Wansen and
             Liu, Ziwei and Xu, Jiarui and Zhang, Zheng and Cheng, Dazhi and
             Zhu, Chenchen and Cheng, Tianheng and Zhao, Qijie and Li, Buyu and
             Lu, Xin and Zhu, Rui and Wu, Yue and Dai, Jifeng and Wang, Jingdong
             and Shi, Jianping and Ouyang, Wanli and Loy, Chen Change and Lin, Dahua},
  booktitle= {arXiv:1906.07155},
  year={2019}
}

@misc{mmseg2020,
    title={{MMSegmentation}: OpenMMLab Semantic Segmentation Toolbox and Benchmark},
    author={MMSegmentation contributors},
    howpublished = {\url{https://github.com/open-mmlab/mmsegmentation}},
    year={2020}
}

@Misc{Detectron2018,
  author = {Ross Girshick and Ilija Radosavovic and Georgia Gkioxari and Piotr Doll\'{a}r and Kaiming He},
  title  = {Detectron},
  year   = {2018},
}

@InProceedings{Lin2017a,
  author    = {Lin, Tsung-Yi and Goyal, Priya and Girshick, Ross and He, Kaiming and Doll{\'a}r, Piotr},
  title     = {Focal loss for dense object detection},
  booktitle = ICCV,
  year      = {2017},
}

@InProceedings{Wang2018,
  author    = {Wang, Xiaolong and Girshick, Ross and Gupta, Abhinav and He, Kaiming},
  title     = {Non-local Neural Networks},
  booktitle = CVPR,
  year      = {2018},
}

@inproceedings{Chetlur2014,
  author  = {Chetlur, Sharan and Woolley, Cliff and Vandermersch, Philippe and Cohen, Jonathan and Tran, John and Catanzaro, Bryan and Shelhamer, Evan},
  title   = {{cuDNN}: Efficient primitives for deep learning},
  booktitle = {arXiv:1410.0759},
  year    = {2014},
}

@inproceedings{Bilen2017,
  author  = {Bilen, Hakan and Vedaldi, Andrea},
  title   = {Universal representations: The missing link between faces, text, planktons, and cat breeds},
  booktitle = {arXiv:1701.07275},
  year    = {2017},
}

@InProceedings{Rebuffi2017,
  author    = {Rebuffi, Sylvestre-Alvise and Bilen, Hakan and Vedaldi, Andrea},
  title     = {Learning multiple visual domains with residual adapters},
  booktitle = NIPS,
  year      = {2017},
}

@inproceedings{Carandini2012,
  author  = {Carandini, Matteo and Heeger, David J},
  title   = {Normalization as a canonical neural computation},
  booktitle = {Nature Reviews Neuroscience},
  year    = {2012},
}

@inproceedings{Louie2013,
  author  = {Louie, Kenway and Khaw, Mel W and Glimcher, Paul W},
  title   = {Normalization is a general neural mechanism for context-dependent decision making},
  booktitle = {Proceedings of the National Academy of Sciences (PNAS)},
  year    = {2013},
}

@inproceedings{Heeger1992,
  author  = {Heeger, David J},
  title   = {Normalization of cell responses in cat striate cortex},
  booktitle = {Visual neuroscience},
  year    = {1992},
}

@inproceedings{Carandini2005,
  author  = {Carandini, Matteo and Demb, Jonathan B and Mante, Valerio and Tolhurst, David J and Dan, Yang and Olshausen, Bruno A and Gallant, Jack L and Rust, Nicole C},
  title   = {Do we know what the early visual system does?},
  booktitle = {booktitle of Neuroscience},
  year    = {2005},
}

@InProceedings{Lyu2008,
  author    = {Lyu, Siwei and Simoncelli, Eero P},
  title     = {Nonlinear image representation using divisive normalization},
  booktitle = CVPR,
  year      = {2008},
}

@inproceedings{Schwartz2001,
  author  = {Schwartz, Odelia and Simoncelli, Eero P},
  title   = {Natural signal statistics and sensory gain control},
  booktitle = {Nature neuroscience},
  year    = {2001},
}

@inproceedings{Simoncelli2001,
  author  = {Simoncelli, Eero P and Olshausen, Bruno A},
  title   = {Natural image statistics and neural representation},
  booktitle = {Annual review of neuroscience},
  year    = {2001},
}

@InProceedings{Arpit2016,
  author    = {Arpit, Devansh and Zhou, Yingbo and Kota, Bhargava and Govindaraju, Venu},
  title     = {Normalization propagation: A parametric technique for removing internal covariate shift in deep networks},
  booktitle = ICML,
  year      = {2016},
}

@InProceedings{Ren2017a,
  author    = {Ren, Mengye and Liao, Renjie and Urtasun, Raquel and Sinz, Fabian H and Zemel, Richard S},
  title     = {Normalizing the normalizers: Comparing and extending network normalization schemes},
  booktitle = ICLR,
  year      = {2017},
}

@inproceedings{Li2018,
  author  = {Li, Zeming and Peng, Chao and Yu, Gang and Zhang, Xiangyu and Deng, Yangdong and Sun, Jian},
  title   = {{DetNet}: A Backbone network for Object Detection},
  booktitle = {arXiv:1804.06215},
  year    = {2018},
}

@InProceedings{Cai2018,
  author    = {Cai, Zhaowei and Vasconcelos, Nuno},
  title     = {{Cascade R-CNN}: Delving into High Quality Object Detection},
  booktitle = CVPR,
  year      = {2018},
}

@InProceedings{Wu2018,
  author    = {Yuxin Wu and Kaiming He},
  title     = {Group Normalization},
  booktitle = ECCV,
  year      = {2018},
}

@InProceedings{Sun2017,
  author    = {Sun, Chen and Shrivastava, Abhinav and Singh, Saurabh and Gupta, Abhinav},
  title     = {Revisiting unreasonable effectiveness of data in deep learning era},
  booktitle = ICCV,
  year      = {2017},
}

@InProceedings{Mahajan2018,
  author    = {Mahajan, Dhruv and Girshick, Ross and Ramanathan, Vignesh and He, Kaiming and Paluri, Manohar and Li, Yixuan and Bharambe, Ashwin and van der Maaten, Laurens},
  title     = {Exploring the Limits of Weakly Supervised Pretraining},
  booktitle = ECCV,
  year      = {2018},
  booktitle   = {arXiv:1805.00932},
}

@InProceedings{Liu2018,
  author    = {Liu, Shu and Qi, Lu and Qin, Haifang and Shi, Jianping and Jia, Jiaya},
  title     = {Path aggregation network for instance segmentation},
  booktitle = CVPR,
  year      = {2018},
}

@inproceedings{Agrawal2014,
  title     = {Analyzing the performance of multilayer neural networks for object recognition},
  author    = {Agrawal, Pulkit and Girshick, Ross and Malik, Jitendra},
  booktitle = ECCV,
  year      = {2014},
}

@inproceedings{Shen2017,
  title     = {{DSOD}: Learning deeply supervised object detectors from scratch},
  author    = {Shen, Zhiqiang and Liu, Zhuang and Li, Jianguo and Jiang, Yu-Gang and Chen, Yurong and Xue, Xiangyang},
  booktitle = ICCV,
  year      = {2017},
}

@InProceedings{Law2018,
  title     = {{CornerNet}: Detecting Objects as Paired Keypoints},
  author    = {Law, Hei and Deng, Jia},
  booktitle = ECCV,
  year      = {2018},
}

@InProceedings{Rowley1996,
  author    = {Rowley, Henry A and Baluja, Shumeet and Kanade, Takeo},
  title     = {Human face detection in visual scenes},
  booktitle = NIPS,
  year      = {1996},
}

@InProceedings{Redmon2016,
  author    = {Redmon, Joseph and Divvala, Santosh and Girshick, Ross and Farhadi, Ali},
  title     = {You only look once: Unified, real-time object detection},
  booktitle = CVPR,
  year      = {2016},
}

@InProceedings{Liu2016,
  author    = {Liu, Wei and Anguelov, Dragomir and Erhan, Dumitru and Szegedy, Christian and Reed, Scott and Fu, Cheng-Yang and Berg, Alexander C},
  title     = {{SSD}: Single shot multibox detector},
  booktitle = ECCV,
  year      = {2016},
}

@InProceedings{Matan1992,
  author    = {Matan, Ofer and Burges, Christopher JC and LeCun, Yann and Denker, John S},
  title     = {Multi-digit recognition using a space displacement neural network},
  booktitle = NIPS,
  year      = {1992},
}

@InProceedings{Pathak2016,
  author    = {Pathak, Deepak and Krahenbuhl, Philipp and Donahue, Jeff and Darrell, Trevor and Efros, Alexei A},
  title     = {Context encoders: Feature learning by inpainting},
  booktitle = CVPR,
  year      = {2016},
}

@inproceedings{Pathak2017,
  author={Pathak, Deepak and Girshick, Ross and Doll{\'a}r, Piotr and Darrell, Trevor and Hariharan, Bharath},
  title={Learning Features by Watching Objects Move.},
  booktitle = CVPR,
  year      = {2017},
}

@InProceedings{Doersch2015,
  author    = {Doersch, Carl and Gupta, Abhinav and Efros, Alexei A},
  title     = {Unsupervised visual representation learning by context prediction},
  booktitle = ICCV,
  year      = {2015},
}

@InProceedings{Wang2015a,
  author    = {Wang, Xiaolong and Gupta, Abhinav},
  title     = {Unsupervised learning of visual representations using videos},
  booktitle = ICCV,
  year      = {2015},
}

@InProceedings{Zhang2016,
  author    = {Zhang, Richard and Isola, Phillip and Efros, Alexei A},
  title     = {Colorful image colorization},
  booktitle = ECCV,
  year      = {2016},
}

@InProceedings{Redmon2017,
  author    = {Redmon, Joseph and Farhadi, Ali},
  title     = {YOLO9000: better, faster, stronger},
  booktitle = CVPR,
  year      = {2017},
}

@InProceedings{Pinheiro2016,
  author    = {Pinheiro, Pedro O and Lin, Tsung-Yi and Collobert, Ronan and Doll{\'a}r, Piotr},
  title     = {Learning to refine object segments},
  booktitle = ECCV,
  year      = {2016},
}

@inproceedings{Rush2019,
  author       = {Alexander Rush},
  title        = {Tensor Considered Harmful},
  year         = {2019},
  howpublished = {http://nlp.seas.harvard.edu/NamedTensor},
}

@InProceedings{Dai2016,
  author    = {Dai, Jifeng and He, Kaiming and Li, Yi and Ren, Shaoqing and Sun, Jian},
  title     = {Instance-sensitive fully convolutional networks},
  booktitle = ECCV,
  year      = {2016},
}

@InProceedings{Dai2016a,
  author    = {Dai, Jifeng and Li, Yi and He, Kaiming and Sun, Jian},
  title     = {{R-FCN}: Object detection via region-based fully convolutional networks},
  booktitle = NIPS,
  year      = {2016},
}

@InProceedings{Li2017,
  author    = {Li, Yi and Qi, Haozhi and Dai, Jifeng and Ji, Xiangyang and Wei, Yichen},
  title     = {Fully convolutional instance-aware semantic segmentation},
  booktitle = CVPR,
  year      = {2017},
}

@inproceedings{chen2018masklab,
  title={Masklab: Instance segmentation by refining object detection with semantic and direction features},
  author={Chen, Liang-Chieh and Hermans, Alexander and Papandreou, George and Schroff, Florian and Wang, Peng and Adam, Hartwig},
  booktitle=CVPR,
  year={2018}
}

@InProceedings{Zoph2018,
  author    = {Zoph, Barret and Vasudevan, Vijay and Shlens, Jonathon and Le, Quoc V},
  title     = {Learning transferable architectures for scalable image recognition},
  booktitle = CVPR,
  year      = {2018},
}

@inproceedings{Fodor1988,
  author    = {Fodor, Jerry A and Pylyshyn, Zenon W},
  title     = {Connectionism and cognitive architecture: A critical analysis},
  booktitle   = {Cognition},
  year      = {1988},
  volume    = {28},
  number    = {1-2},
  pages     = {3--71},
  publisher = {Elsevier},
}

@InProceedings{Liu2018a,
  author    = {Liu, Chenxi and Zoph, Barret and Neumann, Maxim and Shlens, Jonathon and Hua, Wei and Li, Li-Jia and Fei-Fei, Li and Yuille, Alan and Huang, Jonathan and Murphy, Kevin},
  title     = {Progressive neural architecture search},
  booktitle = ECCV,
  year      = {2018},
}

@InProceedings{Pham2018,
  author    = {Pham, Hieu and Guan, Melody Y and Zoph, Barret and Le, Quoc V and Dean, Jeff},
  title     = {Efficient neural architecture search via parameter sharing},
  booktitle = ICML,
  year      = {2018},
  booktitle   = {arXiv:1802.03268},
}

@InProceedings{Liu2019,
  author    = {Liu, Hanxiao and Simonyan, Karen and Yang, Yiming},
  title     = {{DARTS}: Differentiable architecture search},
  booktitle = ICLR,
  year      = {2019},
  booktitle   = {arXiv:1806.09055},
}

@inproceedings{Watts1998,
  author    = {Watts, Duncan J and Strogatz, Steven H},
  title     = {Collective dynamics of â€˜small-worldâ€™networks},
  booktitle   = {Nature},
  year      = {1998},
  volume    = {393},
  number    = {6684},
  pages     = {440},
  publisher = {Nature Publishing Group},
}

@inproceedings{Albert2002,
  author    = {Albert, R{\'e}ka and Barab{\'a}si, Albert-L{\'a}szl{\'o}},
  title     = {Statistical mechanics of complex networks},
  booktitle   = {Reviews of modern physics},
  year      = {2002},
  volume    = {74},
  number    = {1},
  pages     = {47},
  publisher = {APS},
}

@inproceedings{Erdos1960,
  author  = {Erd{\H{o}}s, Paul and R{\'e}nyi, Alfr{\'e}d},
  title   = {On the evolution of random graphs},
  booktitle = {Publ. Math. Inst. Hung. Acad. Sci},
  year    = {1960},
  volume  = {5},
  number  = {1},
  pages   = {17--60},
}

@InProceedings{Xie2019exploring,
  title={Exploring randomly wired neural networks for image recognition},
  author={Xie, Saining and Kirillov, Alexander and Girshick, Ross and He, Kaiming},
  booktitle={ICCV},
  year={2019}
}

@inproceedings{Li2019,
  author  = {Li, Liam and Talwalkar, Ameet},
  title   = {Random Search and Reproducibility for Neural Architecture Search},
  booktitle = {arXiv:1902.07638},
  year    = {2019},
}

@inproceedings{Sciuto2019,
  author  = {Sciuto, Christian and Yu, Kaicheng and Jaggi, Martin and Musat, Claudiu and Salzmann, Mathieu},
  title   = {Evaluating the Search Phase of Neural Architecture Search},
  booktitle = {arXiv:1902.08142},
  year    = {2019},
}

@InProceedings{Zoph2017,
  author    = {Zoph, Barret and Le, Quoc V},
  title     = {Neural architecture search with reinforcement learning},
  booktitle = ICML,
  year      = {2017},
  booktitle   = {arXiv:1611.01578},
}

@InProceedings{Luo2018,
  author    = {Luo, Renqian and Tian, Fei and Qin, Tao and Chen, Enhong and Liu, Tie-Yan},
  title     = {Neural architecture optimization},
  booktitle = NIPS,
  year      = {2018},
}

@inproceedings{Gilbert1959,
  author = {Gilbert, Edgar Nelson},
  title = {Random Graphs},
  booktitle = {The Annals of Mathematical Statistics},
  year = {1959},
  month = {12},
  volume = {30},
  number = {4},
  pages = {1141--1144},
}

@inproceedings{Erdos1959,
  author  = {Erd{\H{o}}s, Paul and R{\'e}nyi, Alfr{\'e}d},
  title   = {On random graphs},
  booktitle = {Publ. Math.},
  year    = {1959},
  volume  = {6},
  pages   = {290--297},
}

@inproceedings{Ma2018,
  author={Ma, Ningning and Zhang, Xiangyu and Zheng, Hai-Tao and Sun, Jian},
  title={Shufflenet v2: Practical guidelines for efficient cnn architecture design},
  booktitle=ECCV,
  year={2018}
}

@inproceedings{Real2018,
  author={Real, Esteban and Aggarwal, Alok and Huang, Yanping and Le, Quoc V},
  title={Regularized evolution for image classifier architecture search},
  booktitle={arXiv:1802.01548},
  year={2018}
}

@inproceedings{Rumelhart1986a,
  author    = {Rumelhart, David E and McClelland, James L},
  title     = {Parallel distributed processing: Explorations in the microstructure of cognition},
  year      = {1986},
  publisher = {MIT},
}

@inproceedings{lecun1998gradient,
  title={Gradient-based learning applied to document recognition},
  author={LeCun, Yann and Bottou, L{\'e}on and Bengio, Yoshua and Haffner, Patrick and others},
  booktitle={Proceedings of the IEEE},
  year={1998},
}


@inproceedings{prabhu2018deep,
  title={Deep expander networks: Efficient deep networks from graph theory},
  author={Prabhu, Ameya and Varma, Girish and Namboodiri, Anoop},
  booktitle={Proceedings of the European Conference on Computer Vision (ECCV)},
  pages={20--35},
  year={2018}
}

@inproceedings{hou2018power,
  title={Power Law in Sparsified Deep Neural Networks},
  author={Hou, Lu and Kwok, James T},
  booktitle={arXiv:1805.01891},
  year={2018}
}

@inproceedings{gray2017gpu,
  title={Gpu kernels for block-sparse weights},
  author={Gray, Scott and Radford, Alec and Kingma, Diederik P}
}

@inproceedings{lecun1990optimal,
  title={Optimal brain damage},
  author={LeCun, Yann and Denker, John S and Solla, Sara A},
  booktitle={Advances in neural information processing systems},
  pages={598--605},
  year={1990}
}


@inproceedings{liu2018rethinking,
  title={Rethinking the value of network pruning},
  author={Liu, Zhuang and Sun, Mingjie and Zhou, Tinghui and Huang, Gao and Darrell, Trevor},
  booktitle={arXiv:1810.05270},
  year={2018}
}

@inproceedings{frankle2019lottery,
  title={The Lottery Ticket Hypothesis at Scale},
  author={Frankle, Jonathan and Dziugaite, Gintare Karolina and Roy, Daniel M and Carbin, Michael},
  booktitle={arXiv:1903.01611},
  year={2019}
}

@incollection{jordan1997serial,
  title={Serial order: A parallel distributed processing approach},
  author={Jordan, Michael I},
  booktitle={Advances in psychology},
  volume={121},
  pages={471--495},
  year={1997},
  publisher={Elsevier}
}

@inproceedings{cho2014learning,
  title={Learning phrase representations using RNN encoder-decoder for statistical machine translation},
  author={Cho, Kyunghyun and Van Merri{\"e}nboer, Bart and Gulcehre, Caglar and Bahdanau, Dzmitry and Bougares, Fethi and Schwenk, Holger and Bengio, Yoshua},
  booktitle={arXiv:1406.1078},
  year={2014}
}

@inproceedings{Herbert2001,
author = {Jaeger, Herbert},
year = {2001},
month = {01},
pages = {},
title = {The" echo state" approach to analysing and training recurrent neural networks-with an erratum note'},
volume = {148},
booktitle = {Bonn, Germany: German National Research Center for Information Technology GMD Technical Report}
}

@inproceedings{maass2002real,
  title={Real-time computing without stable states: A new framework for neural computation based on perturbations},
  author={Maass, Wolfgang and Natschl{\"a}ger, Thomas and Markram, Henry},
  booktitle={Neural computation},
  volume={14},
  number={11},
  pages={2531--2560},
  year={2002},
  publisher={MIT Press}
}

@inproceedings{battaglia2018relational,
  title={Relational inductive biases, deep learning, and graph networks},
  author={Battaglia, Peter W and Hamrick, Jessica B and Bapst, Victor and Sanchez-Gonzalez, Alvaro and Zambaldi, Vinicius and Malinowski, Mateusz and Tacchetti, Andrea and Raposo, David and Santoro, Adam and Faulkner, Ryan and others},
  booktitle={arXiv:1806.01261},
  year={2018}
}

@inproceedings{bronstein2017geometric,
  title={Geometric deep learning: going beyond euclidean data},
  author={Bronstein, Michael M and Bruna, Joan and LeCun, Yann and Szlam, Arthur and Vandergheynst, Pierre},
  booktitle={IEEE Signal Processing Magazine},
  volume={34},
  number={4},
  pages={18--42},
  year={2017},
  publisher={IEEE}
}

@inproceedings{scarselli2009graph,
  title={The graph neural network model},
  author={Scarselli, Franco and Gori, Marco and Tsoi, Ah Chung and Hagenbuchner, Markus and Monfardini, Gabriele},
  booktitle={IEEE Transactions on Neural Networks},
  volume={20},
  number={1},
  pages={61--80},
  year={2009},
  publisher={IEEE}
}



@inproceedings{leskovec2010kronecker,
  title={Kronecker graphs: An approach to modeling networks},
  author={Leskovec, Jure and Chakrabarti, Deepayan and Kleinberg, Jon and Faloutsos, Christos and Ghahramani, Zoubin},
  booktitle={booktitle of Machine Learning Research},
  volume={11},
  number={Feb},
  pages={985--1042},
  year={2010}
}

@inproceedings{kipf2016variational,
  title={Variational graph auto-encoders},
  author={Kipf, Thomas N and Welling, Max},
  booktitle={arXiv:1611.07308},
  year={2016}
}


@inproceedings{you2018graphrnn,
  title={Graphrnn: Generating realistic graphs with deep auto-regressive models},
  author={You, Jiaxuan and Ying, Rex and Ren, Xiang and Hamilton, William and Leskovec, Jure},
  booktitle={International Conference on Machine Learning},
  pages={5694--5703},
  year={2018}
}

@inproceedings{li2018learning,
  title={Learning deep generative models of graphs},
  author={Li, Yujia and Vinyals, Oriol and Dyer, Chris and Pascanu, Razvan and Battaglia, Peter},
  booktitle={arXiv:1803.03324},
  year={2018}
}

@inproceedings{Varshney2011,
  author    = {Varshney, Lav R and Chen, Beth L and Paniagua, Eric and Hall, David H and Chklovskii, Dmitri B},
  title     = {Structural properties of the Caenorhabditis elegans neuronal network},
  booktitle   = {PLoS computational biology},
  year      = {2011},
  volume    = {7},
  number    = {2},
  publisher = {Public Library of Science},
}

@inproceedings{Bullmore2009,
  author    = {Bullmore, Ed and Sporns, Olaf},
  title     = {Complex brain networks: graph theoretical analysis of structural and functional systems},
  booktitle   = {Nature reviews neuroscience},
  year      = {2009},
  volume    = {10},
  number    = {3},
  pages     = {186},
  publisher = {Nature Publishing Group},
}

@inproceedings{Bassett2006,
  author    = {Bassett, Danielle Smith and Bullmore, ED},
  title     = {Small-world brain networks},
  booktitle   = {The neuroscientist},
  year      = {2006},
  volume    = {12},
  number    = {6},
  pages     = {512--523},
  publisher = {Sage Publications Sage CA: Thousand Oaks, CA},
}

@inproceedings{Bassett2017,
  author    = {Bassett, Danielle S and Sporns, Olaf},
  title     = {Network neuroscience},
  booktitle   = {Nature neuroscience},
  year      = {2017},
  volume    = {20},
  number    = {3},
  pages     = {353},
  publisher = {Nature Publishing Group},
}

@Book{Minsky1954,
  title     = {Theory of neural-analog reinforcement systems and its application to the brain model problem},
  publisher = {Princeton University.},
  year      = {1954},
  author    = {Minsky, Marvin Lee},
}

@techreport{hay1960mark,
  title={Mark I perceptron operators' manual},
  author={Hay, John C and Lynch, Ben E and Smith, David R},
  year={1960},
  institution={CORNELL AERONAUTICAL LAB INC BUFFALO NY}
}

@inproceedings{Rosenblatt1958,
  author    = {Rosenblatt, Frank},
  title     = {The perceptron: a probabilistic model for information storage and organization in the brain.},
  booktitle   = {Psychological review},
  year      = {1958},
  volume    = {65},
  number    = {6},
  pages     = {386},
  publisher = {American Psychological Association},
}

@inproceedings{Turing1948,
  author = {Turing, Alan M},
  title  = {Intelligent machinery},
  year   = {1948},
}

@Misc{MinskyBio,
  title        = {{Brief Academic Biography of Marvin Minsky}},
  howpublished = {\url{web.media.mit.edu/~minsky/minskybiog.html}},
}

@Book{West1996,
  title     = {Introduction to graph theory},
  publisher = {Prentice hall Upper Saddle River, NJ},
  year      = {1996},
  author    = {West, Douglas Brent and others},
  volume    = {2},
}

@InProceedings{Loshchilov2016,
  author    = {Loshchilov, Ilya and Hutter, Frank},
  title     = {{SGDR}: Stochastic gradient descent with warm restarts},
  booktitle = ICLR,
  year={2017}
}

@inproceedings{Huang2016deep,
  title={Deep networks with stochastic depth},
  author={Huang, Gao and Sun, Yu and Liu, Zhuang and Sedra, Daniel and Weinberger, Kilian Q},
  booktitle={ECCV},
  year={2016},
}

@inproceedings{Larsson2016,
  title={Fractalnet: Ultra-deep neural networks without residuals},
  author={Larsson, Gustav and Maire, Michael and Shakhnarovich, Gregory},
  booktitle={ICLR},
  year={2016}
}

@InProceedings{LeCun1990,
  author    = {LeCun, Yann and Denker, John S and Solla, Sara A},
  title     = {Optimal brain damage},
  booktitle = {Advances in neural information processing systems},
  year      = {1990},
}

@Misc{AutoML,
  author       = {Le, Quoc and Zoph, Barrett},
  title        = {Using Machine Learning to Explore Neural Network Architecture},
  howpublished = {\url{https://ai.googleblog.com/2017/05/using-machine-learning-to-explore.html}},
  year         = {2017},
}

@InProceedings{Sandler2018,
  author    = {Sandler, Mark and Howard, Andrew and Zhu, Menglong and Zhmoginov, Andrey and Chen, Liang-Chieh},
  title     = {Mobilenetv2: Inverted residuals and linear bottlenecks},
  booktitle = CVPR,
  year      = {2018},
}

@Book{Kochen1989,
  author    = {Kochen, Manfred},
  title     = {The Small world},
  year      = {1989},
  publisher = {Ablex Pub.}
}

@inproceedings{Humphries2005,
  author  = {Humphries, Mark D and Gurney, Kevin and Prescott, Tony J},
  title   = {The brainstem reticular formation is a small-world, not scale-free, network},
  booktitle = {Proceedings of the Royal Society B: Biological Sciences},
  year    = {2005},
}

@InProceedings{Hjelm2019,
  author    = {Hjelm, R Devon and Fedorov, Alex and Lavoie-Marchildon, Samuel and Grewal, Karan and Trischler, Adam and Bengio, Yoshua},
  title     = {Learning deep representations by mutual information estimation and maximization},
  booktitle = ICLR,
  year      = {2019},
  booktitle   = {arXiv:1808.06670},
}

@InProceedings{Bachman2019,
  author    = {Bachman, Philip and Hjelm, R Devon and Buchwalter, William},
  title     = {Learning Representations by Maximizing Mutual Information Across Views},
  booktitle = NIPS,
  year      = {2019},
}

@inproceedings{Oord2018,
  author  = {Oord, Aaron van den and Li, Yazhe and Vinyals, Oriol},
  title   = {Representation learning with contrastive predictive coding},
  booktitle = {arXiv:1807.03748},
  year    = {2018},
}

@InProceedings{Wu2018a,
  author    = {Wu, Zhirong and Xiong, Yuanjun and Yu, Stella and Lin, Dahua},
  title     = {Unsupervised Feature Learning via Non-Parametric Instance Discrimination},
  booktitle = CVPR,
  year      = {2018},
  booktitle   = {arXiv:1805.01978},
}

@InProceedings{Hadsell2006,
  author    = {Hadsell, Raia and Chopra, Sumit and LeCun, Yann},
  title     = {Dimensionality reduction by learning an invariant mapping},
  booktitle = CVPR,
  year      = {2006},
}

@inproceedings{Tian2019,
  author  = {Tian, Yonglong and Krishnan, Dilip and Isola, Phillip},
  title   = {Contrastive Multiview Coding},
  booktitle = {arXiv:1906.05849},
  year    = {2019},
}


@InProceedings{Dosovitskiy2014,
  author    = {Dosovitskiy, Alexey and Springenberg, Jost Tobias and Riedmiller, Martin and Brox, Thomas},
  title     = {Discriminative unsupervised feature learning with convolutional neural networks},
  booktitle = NIPS,
  year      = {2014},
}

@InProceedings{Kolesnikov2019,
  author    = {Kolesnikov, Alexander and Zhai, Xiaohua and Beyer, Lucas},
  title     = {Revisiting self-supervised visual representation learning},
  booktitle = CVPR,
  year      = {2019},
  booktitle   = {arXiv:1901.09005},
}

@InProceedings{Noroozi2016,
  author    = {Noroozi, Mehdi and Favaro, Paolo},
  title     = {Unsupervised learning of visual representations by solving jigsaw puzzles},
  booktitle = ECCV,
  year      = {2016},
}

@InProceedings{Gidaris2018,
  author    = {Gidaris, Spyros and Singh, Praveer and Komodakis, Nikos},
  title     = {Unsupervised representation learning by predicting image rotations},
  booktitle = ICLR,
  year      = {2018},
}

@InProceedings{Doersch2017,
  author    = {Doersch, Carl and Zisserman, Andrew},
  title     = {Multi-task self-supervised visual learning},
  booktitle = ICCV,
  year      = {2017},
}

@InProceedings{Caron2018,
  author    = {Caron, Mathilde and Bojanowski, Piotr and Joulin, Armand and Douze, Matthijs},
  title     = {Deep clustering for unsupervised learning of visual features},
  booktitle = ECCV,
  year      = {2018},
}

@InProceedings{Caron2019,
  author    = {Caron, Mathilde and Bojanowski, Piotr and Mairal, Julien and Joulin, Armand},
  title     = {Unsupervised Pre-Training of Image Features on Non-Curated Data},
  booktitle = ICCV,
  year      = {2019},
  booktitle   = {arXiv:1905.01278},
}

@inproceedings{Henaff2019,
  author  = {Olivier J. HÃ©naff and Aravind Srinivas and Jeffrey De Fauw and Ali Razavi and Carl Doersch and S. M. Ali Eslami and Aaron van den Oord},
  title   = {Data-efficient image recognition with contrastive predictive coding},
  booktitle = {arXiv:1905.09272v2},
  year    = {2019},
}

@inproceedings{Lim2019,
  author  = {Lim, Sungbin and Kim, Ildoo and Kim, Taesup and Kim, Chiheon and Kim, Sungwoong},
  title   = {{Fast AutoAugment}},
  booktitle = {arXiv:1905.00397},
  year    = {2019},
}

@InProceedings{Gomez2017,
  author    = {Gomez, Aidan N and Ren, Mengye and Urtasun, Raquel and Grosse, Roger B},
  title     = {The reversible residual network: Backpropagation without storing activations},
  booktitle = NIPS,
  year      = {2017},
}

@inproceedings{Donahue2019,
  author  = {Donahue, Jeff and Simonyan, Karen},
  title   = {Large Scale Adversarial Representation Learning},
  booktitle = {arXiv:1907.02544},
  year    = {2019},
}

@InProceedings{He2019,
  author    = {He, Kaiming and Girshick, Ross and Doll{\'a}r, Piotr},
  title     = {Rethinking {ImageNet} Pre-training},
  booktitle = ICCV,
  year      = {2019},
  booktitle   = {arXiv:1811.08883},
}

@InProceedings{Goyal2019,
  author    = {Goyal, Priya and Mahajan, Dhruv and Gupta, Abhinav and Misra, Ishan},
  title     = {Scaling and benchmarking self-supervised visual representation learning},
  booktitle = ICCV,
  year      = {2019},
  booktitle   = {arXiv:1905.01235},
}

@InProceedings{Ye2019,
  author    = {Ye, Mang and Zhang, Xu and Yuen, Pong C and Chang, Shih-Fu},
  title     = {Unsupervised Embedding Learning via Invariant and Spreading Instance Feature},
  booktitle = CVPR,
  year      = {2019},
}

@inproceedings{Radford2018,
  author = {Radford, Alec and Narasimhan, Karthik and Salimans, Tim and Sutskever, Ilya},
  title  = {Improving language understanding by generative pre-training},
  year   = {2018},
}

@InProceedings{Devlin2019,
  author    = {Devlin, Jacob and Chang, Ming-Wei and Lee, Kenton and Toutanova, Kristina},
  title     = {{BERT}: Pre-training of deep bidirectional transformers for language understanding},
  booktitle = {NAACL},
  year      = {2019},
  booktitle   = {arXiv:1810.04805},
}

@inproceedings{Radford2019,
  author = {Radford, Alec and Wu, Jeffrey and Child, Rewon and Luan, David and Amodei, Dario and Sutskever, Ilya},
  title  = {Language models are unsupervised multitask learners},
  year   = {2019},
}

@InProceedings{MacQueen1967,
  author = {MacQueen, James and others},
  title  = {Some methods for classification and analysis of multivariate observations},
  year   = {1967},
}

@InProceedings{Wang2017,
  author    = {Wang, Xiaolong and He, Kaiming and Gupta, Abhinav},
  title     = {Transitive invariance for self-supervised visual representation learning},
  booktitle = ICCV,
  year      = {2017},
}

@InProceedings{Donahue2017,
  author    = {Donahue, Jeff and Kr{\"a}henb{\"u}hl, Philipp and Darrell, Trevor},
  title     = {Adversarial feature learning},
  booktitle = ICLR,
  year      = {2017},
  booktitle   = {arXiv:1605.09782},
}

@InProceedings{Vincent2008,
  author    = {Vincent, Pascal and Larochelle, Hugo and Bengio, Yoshua and Manzagol, Pierre-Antoine},
  title     = {Extracting and composing robust features with denoising autoencoders},
  booktitle = ICML,
  year      = {2008},
}

@InProceedings{Gupta2019,
  author    = {Gupta, Agrim and Dollar, Piotr and Girshick, Ross},
  title     = {{LVIS}: A Dataset for Large Vocabulary Instance Segmentation},
  booktitle = CVPR,
  year      = {2019},
}

@InProceedings{Cordts2016,
  author    = {Cordts, Marius and Omran, Mohamed and Ramos, Sebastian and Rehfeld, Timo and Enzweiler, Markus and Benenson, Rodrigo and Franke, Uwe and Roth, Stefan and Schiele, Bernt},
  title     = {The {Cityscapes} dataset for semantic urban scene understanding},
  booktitle = CVPR,
  year      = {2016},
}

@inproceedings{Chen2017,
  author  = {Chen, Liang-Chieh and Papandreou, George and Kokkinos, Iasonas and Murphy, Kevin and Yuille, Alan L},
  title   = {{DeepLab}: Semantic image segmentation with deep convolutional nets, atrous convolution, and fully connected {CRFs}},
  booktitle = TPAMI,
  year    = {2017},
}

@inproceedings{Chen2017a,
  author  = {Chen, Liang-Chieh and Papandreou, George and Schroff, Florian and Adam, Hartwig},
  title   = {Rethinking atrous convolution for semantic image segmentation},
  booktitle = {arXiv:1706.05587},
  year    = {2017},
}

@InProceedings{Hariharan2011,
  author    = {Hariharan, Bharath and Arbel{\'a}ez, Pablo and Bourdev, Lubomir and Maji, Subhransu and Malik, Jitendra},
  title     = {Semantic contours from inverse detectors},
  booktitle = ICCV,
  year      = {2011},
}

@InProceedings{AlpGueler2018,
  author    = {Alp G{\"u}ler, R{\i}za and Neverova, Natalia and Kokkinos, Iasonas},
  title     = {{DensePose}: Dense human pose estimation in the wild},
  booktitle = CVPR,
  year      = {2018},
}

@InProceedings{VanHorn2018,
  author    = {Van Horn, Grant and Mac Aodha, Oisin and Song, Yang and Cui, Yin and Sun, Chen and Shepard, Alex and Adam, Hartwig and Perona, Pietro and Belongie, Serge},
  title     = {The {iNaturalist} species classification and detection dataset},
  booktitle = CVPR,
  year      = {2018},
}

@Misc{Wu2019,
  author          = {Yuxin Wu and Alexander Kirillov and Francisco Massa and Wan-Yen Lo and Ross Girshick},
  title           = {Detectron2},
  year            = {2019},
  nothowpublished = {\url{https://github.com/facebookresearch/detectron2}},
}

@InProceedings{Zhou2014,
  author    = {Zhou, Bolei and Lapedriza, Agata and Xiao, Jianxiong and Torralba, Antonio and Oliva, Aude},
  title     = {Learning deep features for scene recognition using {Places} database},
  booktitle = NIPS,
  year      = {2014},
}

@InProceedings{Gutmann2010,
  author    = {Gutmann, Michael and Hyv{\"a}rinen, Aapo},
  title     = {Noise-contrastive estimation: A new estimation principle for unnormalized statistical models},
  booktitle = AISTATS,
  year      = {2010},
}

@InProceedings{Zhang2017,
  author    = {Zhang, Richard and Isola, Phillip and Efros, Alexei A},
  title     = {Split-brain autoencoders: Unsupervised learning by cross-channel prediction},
  booktitle = CVPR,
  year      = {2017},
}

@InProceedings{Zhuang2019,
  author    = {Zhuang, Chengxu and Zhai, Alex Lin and Yamins, Daniel},
  title     = {Local aggregation for unsupervised learning of visual embeddings},
  booktitle = ICCV,
  year      = {2019},
  note      = {updated results accessed at supplementary materials.},
}

@inproceedings{Thomee2016,
  author  = {Thomee, Bart and Shamma, David A and Friedland, Gerald and Elizalde, Benjamin and Ni, Karl and Poland, Douglas and Borth, Damian and Li, Li-Jia},
  title   = {{YFCC100M}: The New Data in Multimedia Research},
  booktitle = {Communications of the ACM},
  year    = {2016},
}

@inproceedings{Polyak1992,
  author  = {Polyak, Boris T and Juditsky, Anatoli B},
  title   = {Acceleration of stochastic approximation by averaging},
  booktitle = {SIAM booktitle on Control and Optimization},
  year    = {1992},
}

@Book{Goodfellow2016,
  title     = {Deep learning},
  publisher = {MIT press},
  year      = {2016},
  author    = {Goodfellow, Ian and Bengio, Yoshua and Courville, Aaron},
}

@InProceedings{Tarvainen2017,
  author    = {Tarvainen, Antti and Valpola, Harri},
  title     = {Mean teachers are better role models: Weight-averaged consistency targets improve semi-supervised deep learning results},
  booktitle = NIPS,
  year      = {2017},
}

@InProceedings{He2020,
  author    = {He, Kaiming and Fan, Haoqi and Wu, Yuxin and Xie, Saining and Girshick, Ross},
  title     = {Momentum contrast for unsupervised visual representation learning},
  booktitle = CVPR,
  year      = {2020},
}

@InProceedings{Chen2020,
  author    = {Chen, Ting and Kornblith, Simon and Norouzi, Mohammad and Hinton, Geoffrey},
  title     = {A simple framework for contrastive learning of visual representations},
  booktitle = ICML,
  year      = {2020},
}

@InProceedings{Misra2020,
  author    = {Misra, Ishan and van der Maaten, Laurens},
  title     = {Self-supervised learning of pretext-invariant representations},
  booktitle = CVPR,
  year      = {2020},
  booktitle   = {arXiv:1912.01991},
}

@inproceedings{Bengio2013,
  author  = {Bengio, Yoshua and L{\'e}onard, Nicholas and Courville, Aaron},
  title   = {Estimating or propagating gradients through stochastic neurons for conditional computation},
  booktitle = {arXiv:1308.3432},
  year    = {2013},
}

@InProceedings{Bromley1994,
  author    = {Bromley, Jane and Guyon, Isabelle and LeCun, Yann and S{\"a}ckinger, Eduard and Shah, Roopak},
  title     = {Signature verification using a {``Siamese"} time delay neural network},
  booktitle = NIPS,
  year      = {1994},
}

@InProceedings{Chen2020b,
  author    = {Chen, Ting and Kornblith, Simon and Swersky, Kevin and Norouzi, Mohammad and Hinton, Geoffrey},
  title     = {Big self-supervised models are strong semi-supervised learners},
  booktitle = NIPS,
  year      = {2020},
  booktitle   = {arXiv:2006.10029},
}

@inproceedings{Chen2020a,
  author  = {Chen, Xinlei and Fan, Haoqi and Girshick, Ross and He, Kaiming},
  title   = {Improved baselines with momentum contrastive learning},
  booktitle = {arXiv:2003.04297},
  year    = {2020},
}

@inproceedings{You2017,
  author  = {You, Yang and Gitman, Igor and Ginsburg, Boris},
  title   = {Large batch training of convolutional networks},
  booktitle = {arXiv:1708.03888},
  year    = {2017},
}

@Misc{Fetterman2020,
  author = {Abe Fetterman and Josh Albrecht},
  title  = {Understanding self-supervised and contrastive learning with ``Bootstrap Your Own Latent"},
  year   = {2020},
  note   = {Blog post, \url{https://untitled-ai.github.io/understanding-self-supervised-contrastive-learning.html}},
}

@InProceedings{Bertinetto2016,
  author    = {Bertinetto, Luca and Valmadre, Jack and Henriques, Joao F and Vedaldi, Andrea and Torr, Philip HS},
  title     = {{Fully-convolutional Siamese networks for object tracking}},
  booktitle = ECCV,
  year      = {2016},
}

@InProceedings{Koch2015,
  author    = {Koch, Gregory and Zemel, Richard and Salakhutdinov, Ruslan},
  title     = {Siamese neural networks for one-shot image recognition},
  booktitle = {ICML deep learning workshop},
  year      = {2015},
}

@inproceedings{Asano2019,
  author  = {Asano, Yuki Markus and Rupprecht, Christian and Vedaldi, Andrea},
  title   = {Self-labelling via simultaneous clustering and representation learning},
  booktitle = {arXiv:1911.05371},
  year    = {2019},
}

@InProceedings{Cuturi2013,
  author    = {Cuturi, Marco},
  title     = {Sinkhorn distances: Lightspeed computation of optimal transport},
  booktitle = NIPS,
  year      = {2013},
}


@InProceedings{Chen2021,
  author    = {Chen, Xinlei and He, Kaiming},
  title     = {Exploring Simple {Siamese} Representation Learning},
  booktitle = CVPR,
  year      = {2021},
}

@InProceedings{Dosovitskiy2021,
  author    = {Dosovitskiy, Alexey and Beyer, Lucas and Kolesnikov, Alexander and Weissenborn, Dirk and Zhai, Xiaohua and Unterthiner, Thomas and Dehghani, Mostafa and Minderer, Matthias and Heigold, Georg and Gelly, Sylvain and Uszkoreit, Jakob and Houlsby, Neil},
  title     = {An Image is Worth 16x16 Words: Transformers for Image Recognition at Scale},
  booktitle = ICLR,
  year      = {2021},
}

@InProceedings{Loshchilov2019,
  author    = {Loshchilov, Ilya and Hutter, Frank},
  title     = {Decoupled weight decay regularization},
  booktitle = ICLR,
  year      = {2019},
}

@InProceedings{Kingma2015,
  author    = {Kingma, Diederik P and Ba, Jimmy},
  title     = {Adam: A method for stochastic optimization},
  booktitle = ICLR,
  year      = {2015},
}

@inproceedings{Touvron2020,
  author  = {Touvron, Hugo and Cord, Matthieu and Douze, Matthijs and Massa, Francisco and Sablayrolles, Alexandre and J{\'e}gou, Herv{\'e}},
  title   = {Training data-efficient image transformers \& distillation through attention},
  booktitle = {arXiv:2012.12877},
  year    = {2020},
}

@inproceedings{Radford2021,
  author = {Radford, Alec and Kim, Jong Wook and Hallacy, Chris and Ramesh, Aditya and Goh, Gabriel and Agarwal, Sandhini and Sastry, Girish and Askell, Amanda and Mishkin, Pamela and Clark, Jack and others},
  title  = {Learning transferable visual models from natural language supervision},
  year   = {2021},
}

@InProceedings{You2020,
  author    = {You, Yang and Li, Jing and Reddi, Sashank and Hseu, Jonathan and Kumar, Sanjiv and Bhojanapalli, Srinadh and Song, Xiaodan and Demmel, James and Keutzer, Kurt and Hsieh, Cho-Jui},
  title     = {Large batch optimization for deep learning: Training bert in 76 minutes},
  booktitle = ICLR,
  year      = {2020},
}

@InProceedings{Caron2020,
  author    = {Caron, Mathilde and Misra, Ishan and Mairal, Julien and Goyal, Priya and Bojanowski, Piotr and Joulin, Armand},
  title     = {Unsupervised Learning of Visual Features by Contrasting Cluster Assignments},
  booktitle = NIPS,
  year      = {2020},
}

@InProceedings{Grill2020,
  author    = {Grill, Jean-Bastien and Strub, Florian and Altch\'{e}, Florent and Tallec, Corentin and Richemond, Pierre and Buchatskaya, Elena and Doersch, Carl and Avila Pires, Bernardo and Guo, Zhaohan and Gheshlaghi Azar, Mohammad and Piot, Bilal and kavukcuoglu, koray and Munos, Remi and Valko, Michal},
  title     = {Bootstrap Your Own Latent - A New Approach to Self-Supervised Learning},
  booktitle = NIPS,
  year      = {2020},
}

@inproceedings{Hendrycks2016,
  author  = {Hendrycks, Dan and Gimpel, Kevin},
  title   = {Gaussian error linear units (GeLUs)},
  booktitle = {arXiv:1606.08415},
  year    = {2016},
}

@InProceedings{Brown2020,
  author    = {Brown, Tom and Mann, Benjamin and Ryder, Nick and Subbiah, Melanie and Kaplan, Jared D and Dhariwal, Prafulla and Neelakantan, Arvind and Shyam, Pranav and Sastry, Girish and Askell, Amanda and Agarwal, Sandhini and Herbert-Voss, Ariel and Krueger, Gretchen and Henighan, Tom and Child, Rewon and Ramesh, Aditya and Ziegler, Daniel and Wu, Jeffrey and Winter, Clemens and Hesse, Chris and Chen, Mark and Sigler, Eric and Litwin, Mateusz and Gray, Scott and Chess, Benjamin and Clark, Jack and Berner, Christopher and McCandlish, Sam and Radford, Alec and Sutskever, Ilya and Amodei, Dario},
  title     = {Language Models are Few-Shot Learners},
  booktitle = NIPS,
  year      = {2020},
}

@InProceedings{Zhao2020,
  author    = {Zhao, Hengshuang and Jia, Jiaya and Koltun, Vladlen},
  title     = {Exploring self-attention for image recognition},
  booktitle = CVPR,
  year      = {2020},
}

@InProceedings{Cao2019,
  author    = {Cao, Yue and Xu, Jiarui and Lin, Stephen and Wei, Fangyun and Hu, Han},
  title     = {Gcnet: Non-local networks meet squeeze-excitation networks and beyond},
  booktitle = {{ICCV Workshops}},
  year      = {2019},
}

@InProceedings{Ramachandran2019,
  author    = {Ramachandran, Prajit and Parmar, Niki and Vaswani, Ashish and Bello, Irwan and Levskaya, Anselm and Shlens, Jonathon},
  title     = {Stand-alone self-attention in vision models},
  booktitle = NIPS,
  year      = {2019},
  booktitle   = {arXiv:1906.05909},
}

@InProceedings{Carion2020,
  author    = {Carion, Nicolas and Massa, Francisco and Synnaeve, Gabriel and Usunier, Nicolas and Kirillov, Alexander and Zagoruyko, Sergey},
  title     = {End-to-end object detection with {Transformers}},
  booktitle = ECCV,
  year      = {2020},
}

@InProceedings{Li2019a,
  author    = {Li, Xiang and Wang, Wenhai and Hu, Xiaolin and Yang, Jian},
  title     = {Selective kernel networks},
  booktitle = CVPR,
  year      = {2019},
}

@InProceedings{Chen2020c,
  author    = {Chen, Mark and Radford, Alec and Child, Rewon and Wu, Jeffrey and Jun, Heewoo and Luan, David and Sutskever, Ilya},
  title     = {Generative pretraining from pixels},
  booktitle = ICML,
  year      = {2020},
}

@InProceedings{Nilsback2008,
  author    = {Nilsback, Maria-Elena and Zisserman, Andrew},
  title     = {Automated flower classification over a large number of classes},
  booktitle = {Indian Conference on Computer Vision, Graphics \& Image Processing},
  year      = {2008},
}

@InProceedings{Parkhi2012,
  author    = {Parkhi, Omkar M and Vedaldi, Andrea and Zisserman, Andrew and Jawahar, CV},
  title     = {Cats and dogs},
  booktitle = CVPR,
  year      = {2012},
}

@InProceedings{Kolesnikov2020,
  author    = {Kolesnikov, Alexander and Beyer, Lucas and Zhai, Xiaohua and Puigcerver, Joan and Yung, Jessica and Gelly, Sylvain and Houlsby, Neil},
  title     = {{Big Transfer (BiT)}: General visual representation learning},
  booktitle = ECCV,
  year      = {2020},
}

@InProceedings{Caron2021,
  author    = {Caron, Mathilde and Touvron, Hugo and Misra, Ishan and J{\'e}gou, Herv{\'e} and Mairal, Julien and Bojanowski, Piotr and Joulin, Armand},
  booktitle = ICCV,
  title     = {Emerging Properties in Self-Supervised Vision Transformers},
  year      = {2021},
  booktitle   = {arXiv:2104.14294},
}

@inproceedings{Yosinski2014,
  author  = {Yosinski, Jason and Clune, Jeff and Bengio, Yoshua and Lipson, Hod},
  booktitle = {arXiv:1411.1792},
  title   = {How transferable are features in deep neural networks?},
  year    = {2014},
}

@InProceedings{Chen2021a,
  author    = {Chen, Xinlei and Xie, Saining and He, Kaiming},
  booktitle = ICCV,
  title     = {An empirical study of training self-supervised {Vision Transformers}},
  year      = {2021},
  booktitle   = {arXiv:2104.02057},
}

@inproceedings{Bao2021,
  author  = {Bao, Hangbo and Dong, Li and Wei, Furu},
  booktitle = {arXiv:2106.08254},
  title   = {{BEiT}: {BERT} Pre-Training of Image Transformers},
  year    = {2021},
}

@inproceedings{Oord2017,
  author  = {Oord, Aaron van den and Vinyals, Oriol and Kavukcuoglu, Koray},
  booktitle = {arXiv:1711.00937},
  title   = {Neural discrete representation learning},
  year    = {2017},
}

@inproceedings{Ramesh2021,
  author  = {Ramesh, Aditya and Pavlov, Mikhail and Goh, Gabriel and Gray, Scott and Voss, Chelsea and Radford, Alec and Chen, Mark and Sutskever, Ilya},
  booktitle = {arXiv:2102.12092},
  title   = {Zero-shot text-to-image generation},
  year    = {2021},
}

@inproceedings{Becker1992,
  author  = {Becker, Suzanna and Hinton, Geoffrey E},
  booktitle = {Nature},
  title   = {Self-organizing neural network that discovers surfaces in random-dot stereograms},
  year    = {1992},
}


@InProceedings{Zhang2018a,
  author    = {Zhang, Hongyi and Cisse, Moustapha and Dauphin, Yann N and Lopez-Paz, David},
  booktitle = ICLR,
  title     = {mixup: Beyond empirical risk minimization},
  year      = {2018},
  booktitle   = {arXiv:1710.09412},
}

@InProceedings{Yun2019,
  author    = {Yun, Sangdoo and Han, Dongyoon and Oh, Seong Joon and Chun, Sanghyuk and Choe, Junsuk and Yoo, Youngjoon},
  booktitle = ICCV,
  title     = {Cutmix: Regularization strategy to train strong classifiers with localizable features},
  year      = {2019},
}

@inproceedings{Cortes1995,
  author  = {Cortes, Corinna and Vapnik, Vladimir},
  booktitle = {Machine learning},
  title   = {Support-vector networks},
  year    = {1995},
}

@InProceedings{Cubuk2020,
  author    = {Cubuk, Ekin D and Zoph, Barret and Shlens, Jonathon and Le, Quoc V},
  booktitle = {CVPR Workshops},
  title     = {Randaugment: Practical automated data augmentation with a reduced search space},
  year      = {2020},
}

@InProceedings{Zhong2020,
  author    = {Zhong, Zhun and Zheng, Liang and Kang, Guoliang and Li, Shaozi and Yang, Yi},
  booktitle = {AAAI},
  title     = {Random erasing data augmentation},
  year      = {2020},
}

@InProceedings{Clark2020,
  author    = {Clark, Kevin and Luong, Minh-Thang and Le, Quoc V and Manning, Christopher D},
  booktitle = ICLR,
  title     = {{ELECTRA}: Pre-training text encoders as discriminators rather than generators},
  year      = {2020},
  booktitle   = {arXiv:2003.10555},
}

@InProceedings{Hinton1994,
  author    = {Hinton, Geoffrey E and Zemel, Richard S},
  booktitle = NIPS,
  title     = {Autoencoders, minimum description length, and Helmholtz free energy},
  year      = {1994},
}

@InProceedings{Kingma2013,
  author    = {Kingma, Diederik P and Welling, Max},
  booktitle = ICLR,
  title     = {Auto-encoding variational bayes},
  year      = {2013},
  booktitle   = {arXiv:1312.6114},
}

@InProceedings{Xiao2018,
  author    = {Xiao, Tete and Liu, Yingcheng and Zhou, Bolei and Jiang, Yuning and Sun, Jian},
  booktitle = ECCV,
  title     = {Unified perceptual parsing for scene understanding},
  year      = {2018},
}

@InProceedings{Xiao2021,
  author  = {Xiao, Tete and Singh, Mannat and Mintun, Eric and Darrell, Trevor and Doll{\'a}r, Piotr and Girshick, Ross},
  booktitle = {NeurIPS},
  title   = {Early convolutions help transformers see better},
  year    = {2021},
}

@inproceedings{Zhou2019,
  title={Semantic understanding of scenes through the {ADE20K} dataset},
  author={Zhou, Bolei and Zhao, Hang and Puig, Xavier and Xiao, Tete and Fidler, Sanja and Barriuso, Adela and Torralba, Antonio},
  booktitle=IJCV,
  year={2019},
}

@inproceedings{Ghiasi2021,
  title={Simple copy-paste is a strong data augmentation method for instance segmentation},
  author={Ghiasi, Golnaz and Cui, Yin and Srinivas, Aravind and Qian, Rui and Lin, Tsung-Yi and Cubuk, Ekin D and Le, Quoc V and Zoph, Barret},
  booktitle=CVPR,
  year={2021}
}

@inproceedings{Li2021,
  author  = {Li, Yanghao and Xie, Saining and Chen, Xinlei and Doll{\'a}r, Piotr and He, Kaiming and Girshick, Ross},
  booktitle = {In preparation},
  title   = {Benchmarking Detection Transfer Learning with Vision Transformers},
  year    = {2021},
}

@inproceedings{Xie2021,
  author  = {Xie, Enze and Wang, Wenhai and Yu, Zhiding and Anandkumar, Anima and Alvarez, Jose M and Luo, Ping},
  booktitle = {arXiv:2105.15203},
  title   = {SegFormer: Simple and Efficient Design for Semantic Segmentation with Transformers},
  year    = {2021},
}

@inproceedings{Yuan2021,
  author  = {Yuan, Li and Hou, Qibin and Jiang, Zihang and Feng, Jiashi and Yan, Shuicheng},
  booktitle = {arXiv:2106.13112},
  title   = {Volo: Vision outlooker for visual recognition},
  year    = {2021},
}

@inproceedings{Tan2019efficientnet,
  title={Efficientnet: Rethinking model scaling for convolutional neural networks},
  author={Tan, Mingxing and Le, Quoc},
  booktitle={ICML},
  year={2019},
}

@inproceedings{Radosavovic2020designing,
  title={Designing network design spaces},
  author={Radosavovic, Ilija and Kosaraju, Raj Prateek and Girshick, Ross and He, Kaiming and Doll{\'a}r, Piotr},
  booktitle={CVPR},
  year={2020}
}

@inproceedings{Liu2021swin,
  title={Swin transformer: Hierarchical vision transformer using shifted windows},
  author={Liu, Ze and Lin, Yutong and Cao, Yue and Hu, Han and Wei, Yixuan and Zhang, Zheng and Lin, Stephen and Guo, Baining},
  booktitle={ICCV},
  year={2021}
}

@inproceedings{Wightman2021resnet,
  title={ResNet strikes back: An improved training procedure in timm},
  author={Wightman, Ross and Touvron, Hugo and J{\'e}gou, Herv{\'e}},
  booktitle={arXiv:2110.00476},
  year={2021}
}

@inproceedings{Radosavovic2019network,
  title={On network design spaces for visual recognition},
  author={Radosavovic, Ilija and Johnson, Justin and Xie, Saining and Lo, Wan-Yen and Doll{\'a}r, Piotr},
  booktitle={ICCV},
  year={2019}
}

@inproceedings{wu2021rethinking,
  title={Rethinking "Batch" in BatchNorm},
  author={Wu, Yuxin and Johnson, Justin},
  booktitle={arXiv:2105.07576},
  year={2021}
}

@inproceedings{vaillant1994original,
  title={Original approach for the localisation of objects in images},
  author={Vaillant, R{\'e}gis and Monrocq, Christophe and Le Cun, Yann},
  booktitle={Vision, Image and Signal Processing},
  year={1994},
}

@inproceedings{rowley1998neural,
  title={Neural network-based face detection},
  author={Rowley, Henry A and Baluja, Shumeet and Kanade, Takeo},
  booktitle=TPAMI,
  year={1998},
}

@inproceedings{sermanet2013pedestrian,
  title={Pedestrian detection with unsupervised multi-stage feature learning},
  author={Sermanet, Pierre and Kavukcuoglu, Koray and Chintala, Soumith and LeCun, Yann},
  booktitle=CVPR,
  year={2013}
}

@inproceedings{dollar2010fastest,
  title={The fastest pedestrian detector in the west},
  author={Doll{\'a}r, Piotr and Belongie, Serge and Perona, Pietro},
  year={2010},
  booktitle=BMVC,
}

@inproceedings{fan2021multiscale,
  title={Multiscale vision transformers},
  author={Fan, Haoqi and Xiong, Bo and Mangalam, Karttikeya and Li, Yanghao and Yan, Zhicheng and Malik, Jitendra and Feichtenhofer, Christoph},
  booktitle={ICCV},
  year={2021}
}

@inproceedings{han2021demystifying,
  title={Demystifying Local Vision Transformer: Sparse Connectivity, Weight Sharing, and Dynamic Weight},
  author={Han, Qi and Fan, Zejia and Dai, Qi and Sun, Lei and Cheng, Ming-Ming and Liu, Jiaying and Wang, Jingdong},
  booktitle={arXiv:2106.04263},
  year={2021}
}


@inproceedings{convmixer,
  title={Patches are all you need?},
  author={Trockman, Asher and Kolter, J Zico},
  booktitle={arXiv preprint arXiv:2201.09792},
  year={2022}
}

@inproceedings{rao2021global,
  title={Global filter networks for image classification},
  author={Rao, Yongming and Zhao, Wenliang and Zhu, Zheng and Lu, Jiwen and Zhou, Jie},
  booktitle={NeurIPS},
  year={2021}
}

@inproceedings{wu2021cvt,
  title={Cvt: Introducing convolutions to vision transformers},
  author={Wu, Haiping and Xiao, Bin and Codella, Noel and Liu, Mengchen and Dai, Xiyang and Yuan, Lu and Zhang, Lei},
  booktitle={ICCV},
  year={2021}
}

@inproceedings{xu2021co,
  title={Co-scale conv-attentional image transformers},
  author={Xu, Weijian and Xu, Yifan and Chang, Tyler and Tu, Zhuowen},
  booktitle={ICCV},
  year={2021}
}


@inproceedings{dai2021coatnet,
  title={CoAtNet: Marrying Convolution and Attention for All Data Sizes},
  author={Dai, Zihang and Liu, Hanxiao and Le, Quoc V and Tan, Mingxing},
  booktitle={NeurIPS},
  year={2021}
}

@inproceedings{d2021convit,
  title={{ConViT}: Improving vision transformers with soft convolutional inductive biases},
  author={d'Ascoli, St{\'e}phane and Touvron, Hugo and Leavitt, Matthew and Morcos, Ari and Biroli, Giulio and Sagun, Levent},
  booktitle={ICML},
  year={2021}
}


@inproceedings{ramachandran2019stand,
  title={Stand-alone self-attention in vision models},
  author={Ramachandran, Prajit and Parmar, Niki and Vaswani, Ashish and Bello, Irwan and Levskaya, Anselm and Shlens, Jonathon},
  booktitle={NeurIPS},
  year={2019}
}

@inproceedings{srinivas2021bottleneck,
  title={Bottleneck transformers for visual recognition},
  author={Srinivas, Aravind and Lin, Tsung-Yi and Parmar, Niki and Shlens, Jonathon and Abbeel, Pieter and Vaswani, Ashish},
  booktitle=CVPR,
  year={2021}
  }

@inproceedings{Lavin2016FastAF,
  title={Fast Algorithms for Convolutional Neural Networks},
  author={Andrew Lavin and Scott Gray},
  booktitle=CVPR,
  year={2016},
}

@inproceedings{Touvron2021GoingDW,
  title={Going deeper with Image Transformers},
  author={Hugo Touvron and Matthieu Cord and Alexandre Sablayrolles and Gabriel Synnaeve and J{\'e}gou, Herv{\'e}},
  booktitle={ICCV},
  year={2021},
}

@misc{bworld,
  author = {Ingo LÃ¼tkebohle},
  title = {{BWorld Robot Control Software}},
  howpublished = "\url{http://aiweb.techfak.uni-bielefeld.de/content/bworld-robot-control-software/}",
  year = {2008}, 
  note = "[Online; accessed 19-July-2008]"
}

@misc{swindetcode,
  title =        {{GitHub} repository: Swin Transformer for Object Detection},
  howpublished = "\url{https://github.com/SwinTransformer/Swin-Transformer-Object-Detection}",
  year =         {2021}
}

@misc{jjfaster2rcnn,
    Title = {{GitHub} repository: A Faster Pytorch Implementation of Faster R-CNN},
    howpublished={\url{https://github.com/jwyang/faster-rcnn.pytorch}},
    Year = {2017}
}

@misc{swincode,
  title =        {{GitHub} repository: Swin Transformer},
  howpublished = {\url{{https://github.com/microsoft/Swin-Transformer}}},
  year =         {2021}
}

@inproceedings{tan2019mnasnet,
  title={Mnasnet: Platform-aware neural architecture search for mobile},
  author={Tan, Mingxing and Chen, Bo and Pang, Ruoming and Vasudevan, Vijay and Sandler, Mark and Howard, Andrew and Le, Quoc V},
  booktitle={CVPR},
  year={2019}
}

@misc{torchvision,
  title =        {Py{T}orch {V}ision {M}odels},
  howpublished = {\url{{https://pytorch.org/vision/stable/models.html}}},
  note = {Accessed: 2021-10-01}
}

@misc{rw2019timm,
  author = {Ross Wightman},
  title = {{GitHub} repository: PyTorch Image Models},
  year = {2019},
  publisher = {GitHub},
  booktitle = {GitHub repository},
  howpublished = {\url{https://github.com/rwightman/pytorch-image-models}}
}

@misc{clpytorch,
  author = {Vitaly Fedyunin},
  title = {Tutorial: {C}hannel Last Memory Format in {P}y{T}orch},
  year = {2021},
  howpublished = {\url{https://pytorch.org/tutorials/intermediate/memory_format_tutorial.html}},
  note = {Accessed: 2021-10-01}
}

@inproceedings{he2021masked,
  title={Masked autoencoders are scalable vision learners},
  author={He, Kaiming and Chen, Xinlei and Xie, Saining and Li, Yanghao and Doll{\'a}r, Piotr and Girshick, Ross},
  booktitle={arXiv:2111.06377},
  year={2021}
}

@inproceedings{hendrycks2021natural,
  title={Natural adversarial examples},
  author={Hendrycks, Dan and Zhao, Kevin and Basart, Steven and Steinhardt, Jacob and Song, Dawn},
  booktitle={CVPR},
  year={2021}
}

@inproceedings{mintun2021interaction,
  title={On Interaction Between Augmentations and Corruptions in Natural Corruption Robustness},
  author={Mintun, Eric and Kirillov, Alexander and Xie, Saining},
  booktitle={NeurIPS},
  year={2021}
}

@inproceedings{hendrycks2018benchmarking,
  title={Benchmarking Neural Network Robustness to Common Corruptions and Perturbations},
  author={Hendrycks, Dan and Dietterich, Thomas},
  booktitle={ICLR},
  year={2018}
}

@inproceedings{hendrycks2021many,
  title={The many faces of robustness: A critical analysis of out-of-distribution generalization},
  author={Hendrycks, Dan and Basart, Steven and Mu, Norman and Kadavath, Saurav and Wang, Frank and Dorundo, Evan and Desai, Rahul and Zhu, Tyler and Parajuli, Samyak and Guo, Mike and others},
  booktitle={ICCV},
  year={2021}
}

@inproceedings{wang2019learning,
  title={Learning robust global representations by penalizing local predictive power},
  author={Wang, Haohan and Ge, Songwei and Xing, Eric P and Lipton, Zachary C},
  booktitle={NeurIPS},
  year={2019}
}

@inproceedings{mao2021towards,
  title={Towards robust vision transformer},
  author={Mao, Xiaofeng and Qi, Gege and Chen, Yuefeng and Li, Xiaodan and Duan, Ranjie and Ye, Shaokai and He, Yuan and Xue, Hui},
  booktitle={arXiv preprint arXiv:2105.07926},
  year={2021}
}

@inproceedings{tan2021efficientnetv2,
  title={Efficientnetv2: Smaller models and faster training},
  author={Tan, Mingxing and Le, Quoc},
  booktitle={ICML},
  year={2021},
}

@inproceedings{steiner2021train,
  title={How to train your vit? data, augmentation, and regularization in vision transformers},
  author={Steiner, Andreas and Kolesnikov, Alexander and Zhai, Xiaohua and Wightman, Ross and Uszkoreit, Jakob and Beyer, Lucas},
  booktitle={arXiv preprint arXiv:2106.10270},
  year={2021}
}

@inproceedings{hu2018squeeze,
  title={Squeeze-and-excitation networks},
  author={Hu, Jie and Shen, Li and Sun, Gang},
  booktitle={CVPR},
  year={2018}
}

@inproceedings{bello2021revisiting,
  title={Revisiting resnets: Improved training and scaling strategies},
  author={Bello, Irwan and Fedus, William and Du, Xianzhi and Cubuk, Ekin Dogus and Srinivas, Aravind and Lin, Tsung-Yi and Shlens, Jonathon and Zoph, Barret},
  booktitle={NeurIPS},
  year={2021}
}

@inproceedings{bello2019attention,
  title={Attention augmented convolutional networks},
  author={Bello, Irwan and Zoph, Barret and Vaswani, Ashish and Shlens, Jonathon and Le, Quoc V},
  booktitle={ICCV},
  year={2019}
}

@Comment{jabref-meta: databaseType:bibtex;}
