@article{huang2017multi,
  title={Multi-scale dense networks for resource efficient image classification},
  author={Huang, Gao and Chen, Danlu and Li, Tianhong and Wu, Felix and van der Maaten, Laurens and Weinberger, Kilian Q},
  journal={arXiv preprint arXiv:1703.09844},
  year={2017}
}

@inproceedings{figurnov2017spatially,
  title={Spatially adaptive computation time for residual networks},
  author={Figurnov, Michael and Collins, Maxwell D and Zhu, Yukun and Zhang, Li and Huang, Jonathan and Vetrov, Dmitry and Salakhutdinov, Ruslan},
  booktitle={CVPR},
  year={2017}
}

@inproceedings{teerapittayanon2016branchynet,
  title={Branchynet: Fast inference via early exiting from deep neural networks},
  author={Teerapittayanon, Surat and McDanel, Bradley and Kung, Hsiang-Tsung},
  booktitle={ICPR},
  year={2016},
  organization={IEEE}
}

@article{xie2020spatially,
  title={Spatially Adaptive Inference with Stochastic Feature Sampling and Interpolation},
  author={Xie, Zhenda and Zhang, Zheng and Zhu, Xizhou and Huang, Gao and Lin, Stephen},
  journal={arXiv preprint arXiv:2003.08866},
  year={2020}
}

@inproceedings{frohlich2012time,
  title={As time goes byâ€”anytime semantic segmentation with iterative context forests},
  author={Fr{\"o}hlich, Bj{\"o}rn and Rodner, Erik and Denzler, Joachim},
  booktitle={Joint DAGM (German Association for Pattern Recognition) and OAGM Symposium},
  year={2012},
  organization={Springer}
}

@inproceedings{grubb2012speedboost,
  title={Speedboost: Anytime prediction with uniform near-optimality},
  author={Grubb, Alex and Bagnell, Drew},
  booktitle={Artificial Intelligence and Statistics},
  year={2012}
}

@inproceedings{wang2018skipnet,
  title={Skipnet: Learning dynamic routing in convolutional networks},
  author={Wang, Xin and Yu, Fisher and Dou, Zi-Yi and Darrell, Trevor and Gonzalez, Joseph E},
  booktitle={ECCV},
  year={2018}
}

@article{jang2016categorical,
  title={Categorical reparameterization with gumbel-softmax},
  author={Jang, Eric and Gu, Shixiang and Poole, Ben},
  journal={arXiv preprint arXiv:1611.01144},
  year={2016}
}

@article{wang2020deep,
  title={Deep high-resolution representation learning for visual recognition},
  author={Wang, Jingdong and Sun, Ke and Cheng, Tianheng and Jiang, Borui and Deng, Chaorui and Zhao, Yang and Liu, Dong and Mu, Yadong and Tan, Mingkui and Wang, Xinggang and others},
  journal={TPAMI},
  year={2020},
  publisher={IEEE}
}

@inproceedings{cordts2016cityscapes,
  title={The cityscapes dataset for semantic urban scene understanding},
  author={Cordts, Marius and Omran, Mohamed and Ramos, Sebastian and Rehfeld, Timo and Enzweiler, Markus and Benenson, Rodrigo and Franke, Uwe and Roth, Stefan and Schiele, Bernt},
  booktitle={CVPR},
  year={2016}
}

@inproceedings{andriluka14mpii,
               author = {Mykhaylo Andriluka and Leonid Pishchulin and Peter Gehler and Schiele, Bernt},
               title = {2D Human Pose Estimation: New Benchmark and State of the Art Analysis},
               booktitle = {CVPR},
               year = {2014}
}

@article{ogden2019characterizing,
  title={Characterizing the deep neural networks inference performance of mobile applications},
  author={Ogden, Samuel S and Guo, Tian},
  journal={arXiv preprint arXiv:1909.04783},
  year={2019}
}

@article{szegedy2016inception,
  title={Inception-v4, inception-resnet and the impact of residual connections on learning},
  author={Szegedy, Christian and Ioffe, Sergey and Vanhoucke, Vincent and Alemi, Alex},
  journal={arXiv preprint arXiv:1602.07261},
  year={2016}
}

@inproceedings{han2015learning,
  title={Learning both weights and connections for efficient neural network},
  author={Han, Song and Pool, Jeff and Tran, John and Dally, William},
  booktitle={NeurIPS},
  year={2015}
}

@article{liu2019rethinking,
  title={Rethinking the value of network pruning},
  author={Liu, Zhuang and Sun, Mingjie and Zhou, Tinghui and Huang, Gao and Darrell, Trevor},
  journal={ICLR},
  year={2019}
}

@article{li2016pruning,
  title={Pruning filters for efficient convnets},
  author={Li, Hao and Kadav, Asim and Durdanovic, Igor and Samet, Hanan and Graf, Hans Peter},
  journal={arXiv preprint arXiv:1608.08710},
  year={2016}
}

@article{hinton2015distilling,
  title={Distilling the knowledge in a neural network},
  author={Hinton, Geoffrey and Vinyals, Oriol and Dean, Jeff},
  journal={arXiv preprint arXiv:1503.02531},
  year={2015}
}

@article{romero2014fitnets,
  title={Fitnets: Hints for thin deep nets},
  author={Romero, Adriana and Ballas, Nicolas and Kahou, Samira Ebrahimi and Chassang, Antoine and Gatta, Carlo and Bengio, Yoshua},
  journal={arXiv preprint arXiv:1412.6550},
  year={2014}
}

@article{zilberstein1996using,
  title={Using anytime algorithms in intelligent systems},
  author={Zilberstein, Shlomo},
  journal={AI magazine},
  year={1996}
}

@inproceedings{dean1988analysis,
  title={An Analysis of Time-Dependent Planning},
  author={Dean, Thomas L and Boddy, Mark S},
  booktitle={AAAI},
  year={1988}
}

@article{bayesian_anytime1,
  title={Scaling of theory-of-mind tasks},
  author={Wellman, Henry M and Liu, David},
  journal={Child development},
  year={2004},
  publisher={Wiley Online Library}
}

@article{bayesian_anytime2,
  title={Bounded conditioning: Flexible inference for decisions under scarce resources},
  author={Horvitz, Eric J and Suermondt, Jaap and Cooper, Gregory F},
  journal={arXiv preprint arXiv:1304.1512},
  year={2013}
}

@inproceedings{database_anytime,
  title={An object-oriented query processor that produces monotonically improving approximate answers},
  author={Vrbsky, Susan V and Liu, Jane W-S},
  booktitle={International Conference on Data Engineering},
  year={1991}
}

@article{csp_anytime,
  title={Anytime algorithms for constraint satisfaction and SAT problems},
  author={Wallace, Richard J and Freuder, Eugene C},
  journal={ACM SIGART Bulletin},
  year={1996},
  publisher={ACM New York, NY, USA}
}


@article{ACT,
  title={Adaptive computation time for recurrent neural networks},
  author={Graves, Alex},
  journal={arXiv preprint arXiv:1603.08983},
  year={2016}
}


@article{Wu2018BlockDropDI,
  title={BlockDrop: Dynamic Inference Paths in Residual Networks},
  author={Zuxuan Wu and Tushar Nagarajan and Abhishek Kumar and Steven Rennie and L. Davis and K. Grauman and R. Feris},
  journal={CVPR},
  year={2018},
}

@article{pred0_0,
  title={Thanks for Nothing: Predicting Zero-Valued Activations with Lightweight Convolutional Neural Networks},
  author={Shomron, Gil and Banner, Ron and Shkolnik, Moran and Weiser, Uri},
  journal={arXiv preprint arXiv:1909.07636},
  year={2019}
}

@inproceedings{pred0_1,
  title={More is less: A more complicated network with less inference complexity},
  author={Dong, Xuanyi and Huang, Junshi and Yang, Yi and Yan, Shuicheng},
  booktitle={CVPR},
  year={2017}
}

@inproceedings{pred0_3,
  title={Predictivenet: An energy-efficient convolutional neural network via zero prediction},
  author={Lin, Yingyan and Sakr, Charbel and Kim, Yongjune and Shanbhag, Naresh},
  booktitle={2017 IEEE international symposium on circuits and systems (ISCAS)},
  year={2017},
  organization={IEEE}
}

@inproceedings{pred0_4,
  title={Sbnet: Sparse blocks network for fast inference},
  author={Ren, Mengye and Pokrovsky, Andrei and Yang, Bin and Urtasun, Raquel},
  booktitle={CVPR},
  year={2018}
}

@inproceedings{pred0_5,
  title={Seernet: Predicting convolutional neural network feature-map sparsity through low-bit quantization},
  author={Cao, Shijie and Ma, Lingxiao and Xiao, Wencong and Zhang, Chen and Liu, Yunxin and Zhang, Lintao and Nie, Lanshun and Yang, Zhi},
  booktitle={CVPR},
  year={2019}
}

@article{yu2018slimmable,
  title={Slimmable neural networks},
  author={Yu, Jiahui and Yang, Linjie and Xu, Ning and Yang, Jianchao and Huang, Thomas},
  journal={arXiv preprint arXiv:1812.08928},
  year={2018}
}

@inproceedings{Hu2018AnytimeNN,
  title={Anytime Neural Network: a Versatile Trade-off Between Computation and Accuracy},
  author={Hanzhang Hu and Debadeepta Dey and M. Hebert and J. Bagnell},
  year={2018}
}

@inproceedings{hu2019learning,
  title={Learning anytime predictions in neural networks via adaptive loss balancing},
  author={Hu, Hanzhang and Dey, Debadeepta and Hebert, Martial and Bagnell, J Andrew},
  booktitle={AAAI},
  year={2019}
}

@article{liu2017dynamic,
  title={Dynamic deep neural networks: Optimizing accuracy-efficiency trade-offs by selective execution},
  author={Liu, Lanlan and Deng, Jia},
  journal={arXiv preprint arXiv:1701.00299},
  year={2017}
}

@inproceedings{lin2017runtime,
  title={Runtime neural pruning},
  author={Lin, Ji and Rao, Yongming and Lu, Jiwen and Zhou, Jie},
  booktitle={NeurIPS},
  year={2017}
}

@article{amthor2016impatient,
  title={Impatient dnns-deep neural networks with dynamic time budgets},
  author={Amthor, Manuel and Rodner, Erik and Denzler, Joachim},
  journal={arXiv preprint arXiv:1610.02850},
  year={2016}
}

@inproceedings{wang2019anytime,
  title={Anytime stereo image depth estimation on mobile devices},
  author={Wang, Yan and Lai, Zihang and Huang, Gao and Wang, Brian H and Van Der Maaten, Laurens and Campbell, Mark and Weinberger, Kilian Q},
  booktitle={ICRA},
  year={2019}
}


@inproceedings{karayev2014anytime,
  title={Anytime recognition of objects and scenes},
  author={Karayev, Sergey and Fritz, Mario and Darrell, Trevor},
  booktitle={CVPR},
  year={2014}
}


@inproceedings{wang2018resource,
  title={Resource aware person re-identification across multiple resolutions},
  author={Wang, Yan and Wang, Lequn and You, Yurong and Zou, Xu and Chen, Vincent and Li, Serena and Huang, Gao and Hariharan, Bharath and Weinberger, Kilian Q},
  booktitle={CVPR},
  year={2018}
}

@inproceedings{liu2016learning,
  title={Learning dynamic hierarchical models for anytime scene labeling},
  author={Liu, Buyu and He, Xuming},
  booktitle={ECCV},
  year={2016},
  organization={Springer}
}

@inproceedings{veit2018convolutional,
  title={Convolutional networks with adaptive inference graphs},
  author={Veit, Andreas and Belongie, Serge},
  booktitle={ECCV},
  year={2018}
}

@article{mcgill2017deciding,
  title={Deciding how to decide: Dynamic routing in artificial neural networks},
  author={McGill, Mason and Perona, Pietro},
  journal={arXiv preprint arXiv:1703.06217},
  year={2017}
}

@article{bai2020multiscale,
  title={Multiscale deep equilibrium models},
  author={Bai, Shaojie and Koltun, Vladlen and Kolter, J Zico},
  journal={arXiv preprint arXiv:2006.08656},
  year={2020}
}

@misc{hrnet_ss_github,
  title = {Code for Deep High-Resolution Representation Learning for Visual Recognition},
  year = {2019},
  publisher = {GitHub},
  journal = {GitHub repository},
  howpublished = {\url{https://github.com/HRNet/HRNet-Semantic-Segmentation}},
  key = {HRNet Semantic Segmentation}
}

@misc{mdeq,
  title = {Code for Multiscale Deep Equilibrium Models},
  year = {2020},
  publisher = {GitHub},
  journal = {GitHub repository},
  howpublished = {\url{https://github.com/locuslab/mdeq}},
  key = {MDEQ}
}

@misc{hrnet_hpe_github,
  title = {Code for Deep High-Resolution Representation Learning for Human Pose Estimation},
  year = {2019},
  publisher = {GitHub},
  journal = {GitHub repository},
  howpublished = {\url{https://github.com/leoxiaobin/deep-high-resolution-net.pytorch}},
  key = {HRNet Human Pose Estimation}
}

@inproceedings{sun2019deep,
  title={Deep high-resolution representation learning for human pose estimation},
  author={Sun, Ke and Xiao, Bin and Liu, Dong and Wang, Jingdong},
  booktitle={CVPR},
  year={2019}
}

@inproceedings{long2015fully,
  title={Fully convolutional networks for semantic segmentation},
  author={Long, Jonathan and Shelhamer, Evan and Darrell, Trevor},
  booktitle={CVPR},
  year={2015}
}

@inproceedings{zhao2017pyramid,
  title={Pyramid scene parsing network},
  author={Zhao, Hengshuang and Shi, Jianping and Qi, Xiaojuan and Wang, Xiaogang and Jia, Jiaya},
  booktitle={CVPR},
  year={2017}
}

@inproceedings{jacob2018quantization,
  title={Quantization and training of neural networks for efficient integer-arithmetic-only inference},
  author={Jacob, Benoit and Kligys, Skirmantas and Chen, Bo and Zhu, Menglong and Tang, Matthew and Howard, Andrew and Adam, Hartwig and Kalenichenko, Dmitry},
  booktitle={CVPR},
  year={2018}
}

@inproceedings{rastegari2016xnor,
  title={Xnor-net: Imagenet classification using binary convolutional neural networks},
  author={Rastegari, Mohammad and Ordonez, Vicente and Redmon, Joseph and Farhadi, Ali},
  booktitle={ECCV},
  year={2016},
  organization={Springer}
}

@article{krizhevsky2017imagenet,
  title={Imagenet classification with deep convolutional neural networks},
  author={Krizhevsky, Alex and Sutskever, Ilya and Hinton, Geoffrey E},
  journal={Communications of the ACM},
  year={2017},
  publisher={ACM New York, NY, USA}
}

@inproceedings{he2016deep,
  title={Deep residual learning for image recognition},
  author={He, Kaiming and Zhang, Xiangyu and Ren, Shaoqing and Sun, Jian},
  booktitle={CVPR},
  year={2016}
}

@inproceedings{paszke2019pytorch,
  title={Pytorch: An imperative style, high-performance deep learning library},
  author={Paszke, Adam and Gross, Sam and Massa, Francisco and Lerer, Adam and Bradbury, James and Chanan, Gregory and Killeen, Trevor and Lin, Zeming and Gimelshein, Natalia and Antiga, Luca and others},
  booktitle={NeurIPS},
  year={2019}
}


@article{sparse1,
  title={Submanifold Sparse Convolutional Networks},
  author={Graham, Benjamin and van der Maaten, Laurens},
  journal={arXiv preprint arXiv:1706.01307},
  year={2017}
}

@inproceedings{sparse2,
  title={4D Spatio-Temporal ConvNets: Minkowski Convolutional Neural Networks},
  author={Choy, Christopher and Gwak, JunYoung and Savarese, Silvio},
  booktitle={CVPR},
  year={2019}
}

@article{chetlur2014cudnn,
	Author = {Sharan Chetlur and Cliff Woolley and Philippe Vandermersch and Jonathan Cohen and John Tran and Bryan Catanzaro and Evan Shelhamer},
	Journal = {arXiv preprint arXiv:1410.0759},
	Title = {{cuDNN}: Efficient Primitives for Deep Learning},
	Year = {2014}}
	
	
@inproceedings{zhao2018icnet,
  title={ICNet for Real-Time Semantic Segmentation on High-Resolution Images},
  author={Zhao, Hengshuang and Qi, Xiaojuan and Shen, Xiaoyong and Shi, Jianping and Jia, Jiaya},
  booktitle={ECCV},
  year={2018}
}

@article{nekrasov2018light,
  title={Light-weight refinenet for real-time semantic segmentation},
  author={Nekrasov, Vladimir and Shen, Chunhua and Reid, Ian},
  journal={arXiv preprint arXiv:1810.03272},
  year={2018}
}

@inproceedings{sandler2018mobilenetv2,
  title={Mobilenetv2: Inverted residuals and linear bottlenecks},
  author={Sandler, Mark and Howard, Andrew and Zhu, Menglong and Zhmoginov, Andrey and Chen, Liang-Chieh},
  booktitle={CVPR},
  year={2018}
}

@article{li2020micronet,
  title={MicroNet: Towards Image Recognition with Extremely Low FLOPs},
  author={Li, Yunsheng and Chen, Yinpeng and Dai, Xiyang and Chen, Dongdong and Liu, Mengchen and Yuan, Lu and Liu, Zicheng and Zhang, Lei and Vasconcelos, Nuno},
  journal={arXiv preprint arXiv:2011.12289},
  year={2020}
}

@inproceedings{lin2017refinenet,
  title={Refinenet: Multi-path refinement networks for high-resolution semantic segmentation},
  author={Lin, Guosheng and Milan, Anton and Shen, Chunhua and Reid, Ian},
  booktitle={CVPR},
  year={2017}
}

@inproceedings{tan2019efficientnet,
  title={Efficientnet: Rethinking model scaling for convolutional neural networks},
  author={Tan, Mingxing and Le, Quoc},
  booktitle={International Conference on Machine Learning},
  year={2019},
  organization={PMLR}
}

@inproceedings{zhang2018shufflenet,
  title={Shufflenet: An extremely efficient convolutional neural network for mobile devices},
  author={Zhang, Xiangyu and Zhou, Xinyu and Lin, Mengxiao and Sun, Jian},
  booktitle={CVPR},
  year={2018}
}

@article{howard2017mobilenets,
  title={Mobilenets: Efficient convolutional neural networks for mobile vision applications},
  author={Howard, Andrew G and Zhu, Menglong and Chen, Bo and Kalenichenko, Dmitry and Wang, Weijun and Weyand, Tobias and Andreetto, Marco and Adam, Hartwig},
  journal={arXiv preprint arXiv:1704.04861},
  year={2017}
}

@inproceedings{ma2018shufflenet,
  title={Shufflenet v2: Practical guidelines for efficient cnn architecture design},
  author={Ma, Ningning and Zhang, Xiangyu and Zheng, Hai-Tao and Sun, Jian},
  booktitle={ECCV},
  year={2018}
}

@inproceedings{romera2017efficient,
  title={Efficient convnet for real-time semantic segmentation},
  author={Romera, Eduardo and Alvarez, Jos{\'e} M and Bergasa, Luis M and Arroyo, Roberto},
  booktitle={2017 IEEE Intelligent Vehicles Symposium (IV)},
  year={2017},
  organization={IEEE}
}

@article{paszke2016enet,
  title={Enet: A deep neural network architecture for real-time semantic segmentation},
  author={Paszke, Adam and Chaurasia, Abhishek and Kim, Sangpil and Culurciello, Eugenio},
  journal={arXiv preprint arXiv:1606.02147},
  year={2016}
}

@inproceedings{yu2018bisenet,
  title={Bisenet: Bilateral segmentation network for real-time semantic segmentation},
  author={Yu, Changqian and Wang, Jingbo and Peng, Chao and Gao, Changxin and Yu, Gang and Sang, Nong},
  booktitle={ECCV},
  year={2018}
}

@article{yu2020bisenetv2,
  title={Bisenet v2: Bilateral network with guided aggregation for real-time semantic segmentation},
  author={Yu, Changqian and Gao, Changxin and Wang, Jingbo and Yu, Gang and Shen, Chunhua and Sang, Nong},
  journal={arXiv preprint arXiv:2004.02147},
  year={2020}
}

@inproceedings{verelst2020dynamic,
  title={Dynamic convolutions: Exploiting spatial sparsity for faster inference},
  author={Verelst, Thomas and Tuytelaars, Tinne},
  booktitle={CVPR},
  year={2020}
}

@inproceedings{elsen2020fast,
  title={Fast sparse convnets},
  author={Elsen, Erich and Dukhan, Marat and Gale, Trevor and Simonyan, Karen},
  booktitle={CVPR},
  year={2020}
}

@inproceedings{lee2015deeply,
  title={Deeply-supervised nets},
  author={Lee, Chen-Yu and Xie, Saining and Gallagher, Patrick and Zhang, Zhengyou and Tu, Zhuowen},
  booktitle={Artificial intelligence and statistics},
  pages={562--570},
  year={2015},
  organization={PMLR}
}

@inproceedings{szegedy2015going,
  title={Going deeper with convolutions},
  author={Szegedy, Christian and Liu, Wei and Jia, Yangqing and Sermanet, Pierre and Reed, Scott and Anguelov, Dragomir and Erhan, Dumitru and Vanhoucke, Vincent and Rabinovich, Andrew},
  booktitle={CVPR},
  year={2015}
}

@inproceedings{li2017not,
  title={Not all pixels are equal: Difficulty-aware semantic segmentation via deep layer cascade},
  author={Li, Xiaoxiao and Liu, Ziwei and Luo, Ping and Change Loy, Chen and Tang, Xiaoou},
  booktitle={CVPR},
  year={2017}
}

@InProceedings{mottaghi_cvpr14,
 author       = {Roozbeh Mottaghi and Xianjie Chen and Xiaobai Liu and Nam-Gyu Cho and Seong-Whan Lee and Sanja Fidler and Raquel Urtasun and Alan Yuille},
 title        = {The Role of Context for Object Detection and Semantic Segmentation in the Wild},
 booktitle    = {CVPR},
 year         = {2014},
}

@inproceedings{kirillov2020pointrend,
  title={Pointrend: Image segmentation as rendering},
  author={Kirillov, Alexander and Wu, Yuxin and He, Kaiming and Girshick, Ross},
  booktitle={CVPR},
  year={2020}
}

@article{hooker2021hardware,
  title={The hardware lottery},
  author={Hooker, Sara},
  journal={Communications of the ACM},
  volume={64},
  number={12},
  pages={58--65},
  year={2021},
  publisher={ACM New York, NY, USA}
}